4842 6256
63 369 147 448 aas
208 339 221 356 '
645 356 1083 482 nrrsronaauu
1133 358 1343 439 nra.1x.
1396 356 1529 436 1644.
2031 319 2108 424 sio

64 539 250 614 diuturna
259 537 364 610 iaciat
379 533 475 608 Deus
493 549 655 608 aeternus
669 519 769 628 pater
781 533 930 607 Domini
950 533 1065 603 nostri
1112 531 1305 604 Noasst.
1632 529 1637 537 ’
1923 525 2101 614 (miltant.)

64 643 153 716 lesu
172 636 319 713 Christi.
371 639 442 711 Sed
466 641 609 711 doctum
631 653 664 710 ct
685 639 786 731 pium
802 638 922 706 virum
945 630 1065 705 exhac
1120 629 1292 659 Μ
1383 687 1391 698 .
1629 627 1631 640 “
1691 699 1698 717 ,
1949 623 2086 656 “⁹''

67 759 196 817 nostra
212 738 404 812 Academia
424 743 463 810 in
489 741 673 812 coelestem
691 736 920 810 Academiam
942 761 1066 807 evoca·
1450 691 1500 780 G·
1521 690 1762 806 Spalatum·

67 849 126 918 vit
148 845 247 918 Deus
270 843 322 916 M.
338 839 552 913 Marit'nttm
567 834 749 912 Frisium.
774 833 978 910 Ricbvt't'no
1005 839 1066 907 des
1182 853 1252 926 †Ex
1264 873 1357 926 apogr.
1365 852 1465 908 Drerd.
1477 852 1540 910 cod.
1551 850 1609 908 tto.
1622 871 1650 925 p.
1664 853 1696 905 10
1704 861 1730 905 Β.
1744 851 1852 924 epifa,
1868 847 1932 904 aet.
1942 841 2101 901 Gcrsdorfio

70 949 167 1021 banc
192 946 376 1042 pagellam.
434 943 531 1016 Bene
551 945 641 1016 vale.
698 943 821 1016 Pridie
847 940 923 1017 Cal.
950 939 1066 1033 April.
1214 924 1355 994 demist·
1535 985 1539 992 .

77 1047 190 1127 ¹545·
1365 1055 1570 1156 Georgia
1601 1054 1859 1159 Spalatino

592 1205 782 1302 Philippus
795 1199 1020 1290 Melanthon.
1118 1167 1161 1258 S·
1187 1188 1234 1265 D.
1284 1188 1393 1262 Mitto
1415 1192 1483 1264 tibi
1504 1193 1656 1284 pagellas
1678 1215 1801 1261 recens
1822 1184 1881 1258 hic
1903 1187 2033 1269 editas,
2064 1183 2104 1252 in

1039 1327 1042 1334 ·
1120 1316 1271 1384 quarum
1291 1293 1401 1366 altera
1422 1287 1639 1364 loachimas
1663 1289 1929 1384 elegantissimis
1947 1286 2107 1358 versibus

1120 1393 1276 1464 reddidit
1290 1396 1465 1486 psalmum
1479 1397 1524 1466 de
1539 1396 1739 1480 concordia,
1757 1417 1845 1488 quas
1856 1405 1897 1463 ut
1912 1389 2110 1477 intelligere

1121 1519 1256 1588 posses,
1280 1498 1402 1589 scripsi
1424 1499 1463 1568 iu
1478 1499 1588 1569 altera
1603 1497 1739 1590 pagella
1754 1495 1953 1566 versionem
1969 1492 2015 1561 ad
2028 1511 2109 1558 ver·

1120 1599 1207 1666 bum
1223 1621 1430 1687 expressam.
1481 1597 1664 1671 Certemus
1680 1601 1774 1671 inter
1795 1619 1862 1668 uos
1881 1592 1952 1665 hoc
1973 1589 2110 1663 officio-

1004 1707 1007 1725 '
1120 1723 1200 1768 rum
1216 1721 1360 1788 genere,
1380 1715 1416 1772 et
1432 1702 1606 1793 nosipsos
1621 1703 1666 1772 ad
1682 1699 1943 1769 invocationem
1959 1693 2017 1765 dei
2029 1715 2112 1760 mu·
2228 1703 2231 1714 '

72 1773 297 1904 Q
855 1778 1073 1908 Q
1121 1799 1191 1870 tuis
1208 1796 1513 1873 cohortationibus
1535 1804 1742 1886 excitemus,
1765 1804 1851 1870 dum
1872 1797 2050 1891 principes
2072 1793 2113 1860 in

1122 1903 1356 1973 conventibus
1377 1919 1411 1974 ct
1428 1905 1516 1974 alibi
1537 1906 1633 1977 inter
1649 1929 1685 1974 se
1708 1915 1844 1974 certant
1865 1900 1972 1985 odio,
1997 1894 2113 1966 ambi·
2179 1903 2189 1915 ‘

354 1993 503 2094 Ioa'clz.
537 2006 796 2096 Camerario,
1121 2003 1239 2085 tione,
1263 2005 1451 2078 livoribus.

1224 2101 1278 2174 De
1300 2120 1479 2177 conventu
1500 2101 1594 2175 nihil
1621 2107 1709 2178 libet
1729 2105 1902 2189 scribere,
1927 2101 1993 2172 etsi
2016 2097 2114 2167 enim

148 2207 235 2280 Epist.
248 2205 282 2260 δᾶ
297 2202 594 2276 caesarangustam.
609 2204 664 2274 (ed.
675 2201 877 2276 lenm-²9·
891 2200 974 2270 Μ·
1124 2206 1243 2276 omnia
1266 2208 1371 2278 nobis
1387 2222 1583 2278 memoratu
1605 2202 1900 2298 diguahactenus
1923 2201 2116 2293 significata

187 2381 194 2398 .
241 2378 249 2398 .
356 2376 364 2394 .
527 2374 565 2394 ..
740 2376 748 2394 .
1072 2375 1078 2394 ,
1124 2320 1207 2378 suut
1228 2332 1299 2398 per,
1314 2310 1404 2380 fidos
1421 2303 1585 2378 homines
1600 2323 1634 2379 et
1648 2304 1842 2404 amicos¹),
1867 2306 1937 2400 qui
1954 2303 2009 2372 ibi
2033 2313 2118 2371 sunt

76 2379 308 2458 Clarissimo
327 2402 404 2448 vtro
428 2371 631 2448 eruditione
651 2387 682 2448 et
711 2386 840 2448 vertute
867 2385 1076 2496 praestanti
1123 2411 1162 2477 in
1193 2409 1273 2478 aula
1295 2408 1519 2495 Coloniensi,
1560 2424 1679 2482 tamen
1701 2411 1806 2480 video
1833 2405 2020 2479 historiam
2044 2425 2118 2472 esse

112 2483 143 2556 Ι
149 2505 231 2556 οαθ
238 2477 290 2552 Μ
296 2503 363 2552 ”²⁰
385 2469 607 2551 Gummi
615 2477 659 2549 ἶθ
683 2473 721 2550 P
718 2475 832 2573 ‘iberi'
833 2502 912 2550 Μ’
933 2481 1052 2549 “mim
1124 2504 1241 2580 adhuc
1254 2512 1431 2587 mutilam.
1491 2511 1588 2594 Deus
1610 2515 1671 2582 det
1685 2512 1863 2602 placidum
1881 2509 2015 2578 exitum
2030 2527 2119 2575 con-

472 2604 541 2652 ⁸u⁰
565 2605 695 2653 ⁶⁰7¹*
1125 2613 1246 2682 ventui
1267 2624 1303 2683 et
1326 2637 1393 2685 nos
1416 2629 1525 2705 regat.
1575 2608 1910 2713 DeHirsscldiano
1927 2600 2118 2699 negotio²)

81 2720 122 2812 S.
147 2737 193 2811 D.
243 2731 458 2828 Ubicunque
490 2734 563 2804 duo
596 2745 698 2820 sunt,
732 2732 851 2826 inquit
880 2733 975 2804 filius
997 2731 1075 2822 Dei,
1123 2715 1340 2787 delibefalw·
1391 2714 1489 2786 Bene
1510 2717 1599 2787 vale·
1652 2711 1761 2792 1544·

83 2839 284 2931 cougregati
307 2838 345 2907 in
369 2836 514 2906 nomine
530 2861 632 2922 meo,
654 2836 695 2903 in
714 2835 831 2904 medio
847 2860 970 2905 eornm
986 2859 1075 2907 sum.
1863 2810 1959 2885 Phil·
1978 2809 2067 2884 Mel·

86 2941 154 3012 Nec
182 2964 268 3010 vero
297 2938 438 3008 dubito‘
453 2937 589 3031 aliquot
621 2961 695 3022 esse
726 2935 805 3014 istie
835 2961 920 3007 vero
956 2939 1073 3009 studio

86 3039 217 3116 Christi
249 3033 541 3136 congregatos*).
600 3038 721 3128 Quare
751 3053 792 3108 ut
818 3039 903 3110 assit
923 3035 1075 3134 χριστὸς

82 3169 225 3240 precor,
259 3156 294 3213 et
317 3142 436 3211 adesse
452 3166 533 3210 eum
548 3140 719 3230 significat
735 3140 937 3222 animorum
952 3144 1076 3212 mode-
1123 3147 1321 3223 N0,2898,
1989 3149 2116 3236 1.Apr.

82 3247 195 3332 ratio,
221 3267 327 3338 quam
342 3243 532 3334 praedicas.
584 3234 867 3314 EtLorteroet
887 3238 978 3311 mihi
999 3269 1075 3312 ma·
1139 3245 1310 3272 Μ
1590 3307 1597 3323 ,
1987 3245 2118 3272 '‘⁴‘'

80 3373 170 3440 gnae
186 3345 361 3439 voluptati
382 3367 421 3414 ca
444 3367 525 3435 pars
541 3344 707 3435 epistolae
730 3358 810 3414 tuae
829 3343 908 3418 suit.
957 3340 1075 3414 Deum
1536 3302 1707 3388 Eldem·
1746 3423 1749 3428 Δ

83 3471 249 3534 oremus,
271 3461 312 3518 ut
326 3448 498 3538 gubernet
522 3458 669 3519 caetera.
718 3438 820 3538 Nihil
841 3446 935 3514 enim
957 3446 1077 3515 minus
1191 3459 1448 3532 †ttxautograpto
1459 3459 1592 3518 Metaon.
1605 3461 1635 3516 in
1651 3461 1715 3518 cod.
1728 3460 1808 3517 Ruit
1821 3461 1852 3518 F.
1870 3463 1927 3516 101.
1940 3480 1967 3533 p.
1983 3461 2073 3516 11ss

84 3551 239 3632 velleio,
263 3545 451 3641 quam'aipt
465 3551 600 3640 μυσῶν
614 3540 829 3640 ἐκκλησίαν,
851 3547 927 3617 fieri
943 3551 1077 3638 μυσῶν

82 3647 209 3732 λείαν,
235 3662 275 3720 ut
290 3651 375 3719 olim
391 3651 586 3720 dicebatur.
606 3737 608 3742 Ι
636 3647 840 3743 Pugnemus
856 3664 892 3720 et
913 3651 1076 3740 precibus

81 3753 179 3846 apud
194 3749 328 3836 Deum,
351 3766 386 3821 ct
400 3752 516 3822 studio
533 3774 573 3819 ac
589 3750 791 3840 diligentia,
807 3764 847 3822 ut
864 3752 1077 3821 mediocrem

83 3870 215 3928 statum
222 3851 461 3924 Ecclesiamm
477 3865 511 3922 et
521 3848 721 3922 scholarum
737 3853 962 3938 retineamus,
974 3878 1077 3946 prae-

83 3958 206 4027 sertim
230 3979 311 4026 cum
335 3954 423 4025 alibi
442 3956 515 4024 fere
538 3953 578 4022 iu
601 3967 673 4024 tota
688 3951 833 4046 Europa
854 3956 1078 4044 negligantur

82 4057 262 4130 Ecclesiae
285 4057 414 4126 studia.
466 4055 574 4125 Mitto
600 4055 667 4125 tibi
685 4049 773 4130 Viti
786 4057 990 4146 epistolam,
1014 4061 1078 4125 ad-

83 4162 160 4230 didi
178 4172 213 4229 et
228 4159 333 4228 aliam
352 4183 370 4228 e
390 4157 548 4226 Venetiis
573 4157 734 4241 missam,
757 4182 847 4249 quae
864 4152 972 4227 habet
995 4182 1079 4227 nar—

82 4262 239 4334 rationes
253 4253 460 4355 l'ocdas'*),
485 4259 547 4329 scd
570 4281 776 4328 moveamur
799 4255 853 4328 his
870 4259 1078 4350 tristissimis

83 4364 273 4455 exemplis,
300 4376 341 4432 ut
354 4363 488 4432 maiore
506 4385 589 4431 cura
613 4377 647 4434 et
667 4361 918 4432 coniunctione
941 4363 1079 4430 animo-

82 4491 164 4538 rum
184 4464 409 4557 disciplinam
426 4477 461 4533 et
475 4487 531 4533 res
545 4463 657 4534 bonas
676 4476 848 4536 tueamur.
881 4455 1082 4532 Matthaei

82 4563 233 4640 Franci
252 4561 401 4657 epistold
430 4566 548 4635 inanis
578 4580 649 4650 est,
688 4567 748 4636 sed
778 4566 917 4636 mittam
951 4579 1079 4634 tamen.

82 4671 190 4742 Nunc
223 4693 309 4738 vero
349 4661 493 4736 Paulas
526 4663 673 4737 Ederae
714 4665 831 4738 s'ecum
873 4681 1078 4760 asportarat,

84 4795 195 4866 qrrare
222 4765 307 4840 huic
332 4770 515 4842 tabellario
540 4793 617 4848 non
642 4771 743 4864 potui
776 4771 925 4842 tradere.
982 4767 1080 4842 Beue

84 4875 174 4946 vale.

1125 3593 1350 3672 Clarissimo
1366 3595 1462 3682 uiro,
1488 3593 1690 3670 eruditione
1705 3609 1737 3670 et
1754 3597 1883 3670 virtute
1899 3595 2118 3695 praestanti,
2178 3621 2182 3624 ·

1124 3697 1387 3794 D.Georgio
1413 3696 1693 3797 Spoletina,
1718 3699 1905 3800 Episcopo
1928 3699 2119 3772 Ecclesiae

1278 3798 1590 3898 Aldeburgansis,
1622 3803 1824 3874 amicosne
1840 3803 1968 3878 cariss.

1125 3931 1290 4004 [Adscriprit
1303 3931 1473 4002 Spalatinurr
1511 3967 1529 3998 „
1536 3931 1610 3988 1544.
1625 3931 1682 3984 Pro
1700 3933 1738 3987 D.
1756 3929 1876 3986 Sr'mone
1891 3931 2065 3987 Gursetmat.
2083 3955 2118 3972 ··

1194 4001 1365 4056 Exerciciuur
1379 4003 1447 4056 Dru.
1463 3999 1610 4056 PhilMcl.
1624 4019 1681 4054 nou
1699 4011 1775 4073 putat
1788 4001 2000 4074 improbandum
2008 4001 2048 4086 ⁸2]

1125 4087 1170 4178 S.
1195 4107 1240 4178 D.
1293 4107 1405 4179 Venit
1428 4105 1498 4178 huc
1515 4103 1646 4178 Simon
1655 4105 1710 4200 *),
1737 4110 1825 4178 civis
1846 4107 2118 4194 Kcmniciensis,

1127 4207 2118 4303 aedituusEcclesiaeKcmniciensis,quiattulittestimo-

1128 4425 1162 4482 et
1179 4412 1304 4504 petivit
1319 4415 1593 4484 ordinationem.
1634 4411 1726 4499 Nos,
1743 4415 1825 4507 quia
1841 4415 1917 4485 sine
1932 4416 2117 4485 vocatione

1127 4515 2116 4606 nemiitiimpertimusordinationem,rursusdimisimus

1128 4639 1209 4684 eum
1219 4615 1294 4686 sine
1304 4619 1506 4688 testimonio
1522 4619 1611 4688 ritus
1623 4614 1724 4691 sacri.
1751 4613 1825 4702 Ait,
1834 4613 1901 4686 sibi
1915 4640 2119 4686 succensere

1127 4697 1308 4786 Pastorim
1331 4715 1508 4790 Ecclesiae
1523 4718 1800 4798 Kcmniciensis,
1827 4720 1921 4811 quod
1946 4740 2051 4786 ausus
2073 4719 2120 4790 sit

1129 4820 1344 4894 concionari.
1396 4818 1493 4890 Mihi
1517 4821 1719 4892 exercitium
1736 4843 1809 4888 uon
1824 4819 1966 4888 videtur
1981 4819 2119 4910 impro-

1128 4920 1287 4989 bandum
1312 4945 1404 5007 esse,
1426 4925 1531 4993 etiam
1552 4925 1591 4992 in
1612 4924 1673 5006 iis,
1699 4921 1758 5013 qui
1782 4944 1856 4989 non
1877 4933 1962 4990 sunt
1976 4921 2119 5002 cruditi,

641 5031 833 5126 Philippus
855 5028 1030 5106 Melanth,
1129 5023 1235 5090 modo
1251 5023 1322 5092 sint
1338 5024 1407 5114 pii,
1427 5025 1578 5095 studiosi
1593 5037 1626 5093 et
1642 5021 1786 5097 dociles.
1838 5020 1988 5111 Quaerit
2001 5037 2120 5094 autem

90 5257 122 5266 ιι-
138 5255 316 5266 -σι-ο--ῡ

1144 5309 1192 5378 ·l)
1211 5303 1445 5434 lindenborgium
1469 5307 1727 5370 carlemannum,
1753 5309 1800 5382 qni
1821 5329 1883 5365 curn
1899 5287 2024 5382 drchiep.
2040 5307 2122 5366 Colo·

120 5393 148 5464 ⁶)
169 5391 306 5463 Loquitur
326 5391 359 5444 de
378 5399 516 5445 conventu
538 5387 681 5442 Pastorum
703 5389 825 5460 Lipsiae,
846 5405 928 5458 qrtem
940 5385 968 5442 io
986 5405 1029 5459 ep.
1046 5385 1079 5441 ad
1196 5379 1286 5433 nicusi
1301 5398 1378 5436 versa
1398 5388 1478 5433 antur
1494 5377 1523 5431 io
1538 5375 1662 5432 Comitiis
1676 5377 1797 5449 Spirens.

153 5461 261 5516 Theod.
276 5461 302 5512 d.
316 5459 361 5514 2⁵.
373 5459 455 5518 Mart.
474 5469 684 5532 commemprat.
1162 5459 1191 5524 Ξ)
1210 5465 1254 5520 Dc
1268 5481 1301 5516 eo
1311 5462 1368 5528 rid.
1382 5462 1460 5534 epist.
1474 5462 1502 5516 d.
1515 5462 1542 5516 7.
1556 5461 1625 5534 apr.
1639 5459 1666 5518 h.
1680 5480 1706 5518 a·
1718 5461 1858 5538 scriptam.

120 5555 167 5622 “b
185 5553 250 5610 vid.
263 5551 344 5608 Loth.
357 5551 433 5623 epist.
448 5549 481 5613 P.
496 5551 530 5609 V.
543 5572 568 5626 p.
580 5553 640 5608 696.
1163 5543 1193 5615 *)
1212 5547 1310 5604 Simon
1331 5545 1506 5604 Gulsrhmid·

1127 4311 1252 4396 nium,
1276 4333 1312 4380 se
1328 4313 1461 4382 alicubi
1478 4311 1633 4382 exercitii
1649 4333 1752 4382 causa
1769 4315 2016 4384 concionatum
2033 4338 2118 4394 esse,
2216 4361 2219 4366 -
