<?xml version="1.0" encoding="UTF-8"?>
<!DOCTYPE html PUBLIC "-//W3C//DTD XHTML 1.0 Transitional//EN"
    "http://www.w3.org/TR/xhtml1/DTD/xhtml1-transitional.dtd">
<html xmlns="http://www.w3.org/1999/xhtml" xml:lang="en" lang="en">
 <head>
  <title>
</title>
<meta http-equiv="Content-Type" content="text/html;charset=utf-8" />
  <meta name='ocr-system' content='tesseract 3.04.00' />
  <meta name='ocr-capabilities' content='ocr_page ocr_carea ocr_par ocr_line ocrx_word'/>
</head>
<body>
  <div class='ocr_page' id='page_1' title='image "./copusreformator00bretgoog_0319.png"; bbox 0 0 4776 6260; ppageno 0'>
   <div class='ocr_carea' id='block_1_1' title="bbox 55 309 2115 440">
    <p class='ocr_par' dir='ltr' id='par_1_1' title="bbox 55 309 2115 440">
     <span class='ocr_line' id='line_1_1' title="bbox 55 309 2115 440; baseline 0 -23"><span class='ocrx_word' id='word_1_1' title='bbox 55 333 137 418; x_wconf 82' lang='lat' dir='ltr'>ser</span> <span class='ocrx_word' id='word_1_2' title='bbox 649 309 1086 416; x_wconf 71' lang='lat' dir='ltr'>cateronaauu</span> <span class='ocrx_word' id='word_1_3' title='bbox 1141 333 1248 412; x_wconf 78' lang='lat' dir='ltr'>nin.</span> <span class='ocrx_word' id='word_1_4' title='bbox 1280 334 1345 416; x_wconf 79' lang='lat' dir='ltr'>uc</span> <span class='ocrx_word' id='word_1_5' title='bbox 1398 338 1529 420; x_wconf 75' lang='lat' dir='ltr'>esec.</span> <span class='ocrx_word' id='word_1_6' title='bbox 1746 425 1751 440; x_wconf 63' lang='grc'><em>,</em></span> <span class='ocrx_word' id='word_1_7' title='bbox 2036 357 2115 436; x_wconf 67' lang='grc' dir='ltr'>ω</span> 
     </span>
    </p>
   </div>
   <div class='ocr_carea' id='block_1_2' title="bbox 53 505 2162 2043">
    <p class='ocr_par' dir='ltr' id='par_1_2' title="bbox 54 505 2107 1425">
     <span class='ocr_line' id='line_1_2' title="bbox 54 505 2106 620; baseline 0.038 -89"><span class='ocrx_word' id='word_1_8' title='bbox 54 508 353 586; x_wconf 50' lang='lat' dir='ltr'>mmmmm</span> <span class='ocrx_word' id='word_1_9' title='bbox 377 522 440 584; x_wconf 62' lang='lat' dir='ltr'>m,</span> <span class='ocrx_word' id='word_1_10' title='bbox 462 509 694 603; x_wconf 45' lang='lat' dir='ltr'>ummah,</span> <span class='ocrx_word' id='word_1_11' title='bbox 719 512 782 582; x_wconf 65' lang='lat' dir='ltr'>„g</span> <span class='ocrx_word' id='word_1_12' title='bbox 798 511 877 584; x_wconf 49' lang='grc' dir='ltr'>,ηις</span> <span class='ocrx_word' id='word_1_13' title='bbox 895 532 1062 584; x_wconf 56' lang='lat' dir='ltr'>reveren.</span> <span class='ocrx_word' id='word_1_14' title='bbox 1112 524 1241 602; x_wconf 66' lang='lat' dir='ltr'>paam.</span> <span class='ocrx_word' id='word_1_15' title='bbox 1267 505 1422 598; x_wconf 82' lang='lat' dir='ltr'>Deinde,</span> <span class='ocrx_word' id='word_1_16' title='bbox 1435 516 1532 609; x_wconf 90' lang='lat' dir='ltr'>quod</span> <span class='ocrx_word' id='word_1_17' title='bbox 1547 515 1948 620; x_wconf 71' lang='lat' dir='ltr'>laceremetiunsiipse</span> <span class='ocrx_word' id='word_1_18' title='bbox 1961 529 2106 608; x_wconf 76' lang='lat' dir='ltr'>soissm</span> 
     </span>
     <span class='ocr_line' id='line_1_3' title="bbox 54 612 2107 718; baseline 0.016 -39"><span class='ocrx_word' id='word_1_19' title='bbox 54 629 117 690; x_wconf 76' lang='lat' dir='ltr'>ter</span> <span class='ocrx_word' id='word_1_20' title='bbox 141 627 176 686; x_wconf 89' lang='lat' dir='ltr'>et</span> <span class='ocrx_word' id='word_1_21' title='bbox 198 613 351 703; x_wconf 83' lang='lat' dir='ltr'>graviter</span> <span class='ocrx_word' id='word_1_22' title='bbox 372 613 491 686; x_wconf 68' lang='lat' dir='ltr'>audin</span> <span class='ocrx_word' id='word_1_23' title='bbox 507 632 631 686; x_wconf 82' lang='lat' dir='ltr'>vocem</span> <span class='ocrx_word' id='word_1_24' title='bbox 654 614 837 700; x_wconf 87' lang='lat' dir='ltr'>divinam,</span> <span class='ocrx_word' id='word_1_25' title='bbox 860 613 1077 709; x_wconf 69' lang='lat' dir='ltr'>vultmetas</span> <span class='ocrx_word' id='word_1_26' title='bbox 1112 612 1280 684; x_wconf 79' lang='lat' dir='ltr'>editionis</span> <span class='ocrx_word' id='word_1_27' title='bbox 1295 627 1438 701; x_wconf 91' lang='lat' dir='ltr'>auctor,</span> <span class='ocrx_word' id='word_1_28' title='bbox 1462 616 1498 686; x_wconf 89' lang='lat' dir='ltr'>id</span> <span class='ocrx_word' id='word_1_29' title='bbox 1513 642 1764 718; x_wconf 85' lang='lat' dir='ltr'>nuncquoque</span> <span class='ocrx_word' id='word_1_30' title='bbox 1778 624 1882 701; x_wconf 82' lang='lat' dir='ltr'>facio.</span> <span class='ocrx_word' id='word_1_31' title='bbox 1932 629 2107 710; x_wconf 76' lang='lat' dir='ltr'>Profiteor</span> 
     </span>
     <span class='ocr_line' id='line_1_4' title="bbox 55 715 2107 828; baseline 0.015 -47"><span class='ocrx_word' id='word_1_32' title='bbox 55 716 228 792; x_wconf 61' lang='lat' dir='ltr'>:uelatis</span> <span class='ocrx_word' id='word_1_33' title='bbox 260 716 444 788; x_wconf 73' lang='lat' dir='ltr'>doctrinam</span> <span class='ocrx_word' id='word_1_34' title='bbox 478 717 638 807; x_wconf 86' lang='lat' dir='ltr'>agnosci,</span> <span class='ocrx_word' id='word_1_35' title='bbox 677 731 773 790; x_wconf 82' lang='lat' dir='ltr'>extra</span> <span class='ocrx_word' id='word_1_36' title='bbox 801 739 890 811; x_wconf 90' lang='lat' dir='ltr'>quas</span> <span class='ocrx_word' id='word_1_37' title='bbox 922 715 1063 806; x_wconf 91' lang='lat' dir='ltr'>evagari</span> <span class='ocrx_word' id='word_1_38' title='bbox 1112 739 1169 786; x_wconf 91' lang='lat' dir='ltr'>me</span> <span class='ocrx_word' id='word_1_39' title='bbox 1201 716 1368 808; x_wconf 84' lang='lat' dir='ltr'>amplecti</span> <span class='ocrx_word' id='word_1_40' title='bbox 1392 720 1603 790; x_wconf 88' lang='lat' dir='ltr'>sententiam</span> <span class='ocrx_word' id='word_1_41' title='bbox 1629 719 1867 800; x_wconf 83' lang='lat' dir='ltr'>Ecclesiamm</span> <span class='ocrx_word' id='word_1_42' title='bbox 1891 749 2107 828; x_wconf 89' lang='lat' dir='ltr'>nostrarum,</span> 
     </span>
     <span class='ocr_line' id='line_1_5' title="bbox 54 815 2107 917; baseline 0.013 -26"><span class='ocrx_word' id='word_1_43' title='bbox 54 820 247 892; x_wconf 87' lang='lat' dir='ltr'>mentibus</span> <span class='ocrx_word' id='word_1_44' title='bbox 263 820 394 890; x_wconf 88' lang='lat' dir='ltr'>nostris</span> <span class='ocrx_word' id='word_1_45' title='bbox 411 843 486 890; x_wconf 90' lang='lat' dir='ltr'>non</span> <span class='ocrx_word' id='word_1_46' title='bbox 507 819 600 892; x_wconf 93' lang='lat' dir='ltr'>licet.</span> <span class='ocrx_word' id='word_1_47' title='bbox 649 818 807 916; x_wconf 91' lang='lat' dir='ltr'>ldeoqne</span> <span class='ocrx_word' id='word_1_48' title='bbox 822 819 898 892; x_wconf 90' lang='lat' dir='ltr'>vult</span> <span class='ocrx_word' id='word_1_49' title='bbox 913 815 1011 890; x_wconf 86' lang='lat' dir='ltr'>Deus</span> <span class='ocrx_word' id='word_1_50' title='bbox 1029 831 1063 890; x_wconf 90' lang='lat' dir='ltr'>et</span> <span class='ocrx_word' id='word_1_51' title='bbox 1111 843 1220 914; x_wconf 92' lang='lat' dir='ltr'>quam</span> <span class='ocrx_word' id='word_1_52' title='bbox 1235 843 1319 890; x_wconf 87' lang='lat' dir='ltr'>vere</span> <span class='ocrx_word' id='word_1_53' title='bbox 1334 819 1455 891; x_wconf 89' lang='lat' dir='ltr'>iudico</span> <span class='ocrx_word' id='word_1_54' title='bbox 1472 845 1546 892; x_wconf 89' lang='lat' dir='ltr'>esse</span> <span class='ocrx_word' id='word_1_55' title='bbox 1562 845 1772 901; x_wconf 86' lang='lat' dir='ltr'>consensum</span> <span class='ocrx_word' id='word_1_56' title='bbox 1784 825 2107 917; x_wconf 83' lang='lat' dir='ltr'>EcclesiaeChristi</span> 
     </span>
     <span class='ocr_line' id='line_1_6' title="bbox 57 919 2105 1018; baseline 0.013 -24"><span class='ocrx_word' id='word_1_57' title='bbox 57 925 103 994; x_wconf 90' lang='lat' dir='ltr'>in</span> <span class='ocrx_word' id='word_1_58' title='bbox 125 919 287 994; x_wconf 72' lang='lat' dir='ltr'>Ecclesia</span> <span class='ocrx_word' id='word_1_59' title='bbox 311 937 348 994; x_wconf 91' lang='lat' dir='ltr'>et</span> <span class='ocrx_word' id='word_1_60' title='bbox 370 923 409 992; x_wconf 95' lang='lat' dir='ltr'>in</span> <span class='ocrx_word' id='word_1_61' title='bbox 434 919 564 994; x_wconf 89' lang='lat' dir='ltr'>scholis</span> <span class='ocrx_word' id='word_1_62' title='bbox 587 924 744 1016; x_wconf 91' lang='lat' dir='ltr'>proponi</span> <span class='ocrx_word' id='word_1_63' title='bbox 764 935 797 994; x_wconf 90' lang='lat' dir='ltr'>et</span> <span class='ocrx_word' id='word_1_64' title='bbox 813 920 982 1013; x_wconf 80' lang='lat' dir='ltr'>explicari</span> <span class='ocrx_word' id='word_1_65' title='bbox 996 923 1061 992; x_wconf 88' lang='lat' dir='ltr'>do-</span> <span class='ocrx_word' id='word_1_66' title='bbox 1111 935 1340 1012; x_wconf 90' lang='lat' dir='ltr'>perpetuum,</span> <span class='ocrx_word' id='word_1_67' title='bbox 1364 936 1400 995; x_wconf 89' lang='lat' dir='ltr'>et</span> <span class='ocrx_word' id='word_1_68' title='bbox 1415 926 1622 998; x_wconf 87' lang='lat' dir='ltr'>doctoribus</span> <span class='ocrx_word' id='word_1_69' title='bbox 1637 923 1877 1006; x_wconf 81' lang='lat' dir='ltr'>Ecclesiamm</span> <span class='ocrx_word' id='word_1_70' title='bbox 1900 953 2105 1018; x_wconf 88' lang='lat' dir='ltr'>nostrarum</span> 
     </span>
     <span class='ocr_line' id='line_1_7' title="bbox 57 1021 2105 1130; baseline 0.038 -87"><span class='ocrx_word' id='word_1_71' title='bbox 57 1025 236 1112; x_wconf 53' lang='lat' dir='ltr'>cuinam,</span> <span class='ocrx_word' id='word_1_72' title='bbox 261 1049 370 1121; x_wconf 55' lang='lat' dir='ltr'>quam</span> <span class='ocrx_word' id='word_1_73' title='bbox 384 1025 543 1096; x_wconf 49' lang='lat' dir='ltr'><strong>tradidit·</strong></span> <span class='ocrx_word' id='word_1_74' title='bbox 593 1021 643 1096; x_wconf 57' lang='lat' dir='ltr'>E,</span> <span class='ocrx_word' id='word_1_75' title='bbox 664 1023 1062 1118; x_wconf 53' lang='lat' dir='ltr'>„mpefgxcigavitdffi</span> <span class='ocrx_word' id='word_1_76' title='bbox 1111 1024 1275 1114; x_wconf 76' lang='lat' dir='ltr'>permitto</span> <span class='ocrx_word' id='word_1_77' title='bbox 1296 1024 1470 1098; x_wconf 90' lang='lat' dir='ltr'>iudicium</span> <span class='ocrx_word' id='word_1_78' title='bbox 1495 1041 1530 1100; x_wconf 88' lang='lat' dir='ltr'>et</span> <span class='ocrx_word' id='word_1_79' title='bbox 1543 1031 1587 1098; x_wconf 91' lang='lat' dir='ltr'>de</span> <span class='ocrx_word' id='word_1_80' title='bbox 1603 1025 1659 1100; x_wconf 88' lang='lat' dir='ltr'>his</span> <span class='ocrx_word' id='word_1_81' title='bbox 1672 1037 1985 1130; x_wconf 88' lang='lat' dir='ltr'>annotationibus,</span> <span class='ocrx_word' id='word_1_82' title='bbox 2010 1060 2044 1118; x_wconf 92' lang='lat' dir='ltr'>et</span> <span class='ocrx_word' id='word_1_83' title='bbox 2060 1051 2105 1120; x_wconf 93' lang='lat' dir='ltr'>de</span> 
     </span>
     <span class='ocr_line' id='line_1_8' title="bbox 58 1127 2105 1238; baseline 0.016 -48"><span class='ocrx_word' id='word_1_84' title='bbox 58 1143 199 1214; x_wconf 68' lang='lat' dir='ltr'>utores,</span> <span class='ocrx_word' id='word_1_85' title='bbox 233 1128 296 1222; x_wconf 91' lang='lat' dir='ltr'>qui</span> <span class='ocrx_word' id='word_1_86' title='bbox 325 1149 403 1198; x_wconf 88' lang='lat' dir='ltr'>earn</span> <span class='ocrx_word' id='word_1_87' title='bbox 425 1143 681 1220; x_wconf 69' lang='lat' dir='ltr'>propagarent,</span> <span class='ocrx_word' id='word_1_88' title='bbox 713 1141 749 1198; x_wconf 88' lang='lat' dir='ltr'>et</span> <span class='ocrx_word' id='word_1_89' title='bbox 768 1127 869 1222; x_wconf 86' lang='lat' dir='ltr'>quasi</span> <span class='ocrx_word' id='word_1_90' title='bbox 899 1129 1062 1198; x_wconf 90' lang='lat' dir='ltr'>custodes</span> <span class='ocrx_word' id='word_1_91' title='bbox 1109 1127 1432 1220; x_wconf 87' lang='lat' dir='ltr'>omnibusacriptis</span> <span class='ocrx_word' id='word_1_92' title='bbox 1459 1132 1558 1202; x_wconf 88' lang='lat' dir='ltr'>meis.</span> <span class='ocrx_word' id='word_1_93' title='bbox 1610 1130 1701 1204; x_wconf 89' lang='lat' dir='ltr'>Nam</span> <span class='ocrx_word' id='word_1_94' title='bbox 1715 1131 1895 1212; x_wconf 71' lang='lat' dir='ltr'>Ecclesiae</span> <span class='ocrx_word' id='word_1_95' title='bbox 1920 1146 2105 1238; x_wconf 90' lang='lat' dir='ltr'>iudicium,</span> 
     </span>
     <span class='ocr_line' id='line_1_9' title="bbox 63 1227 2104 1342; baseline 0.018 -53"><span class='ocrx_word' id='word_1_96' title='bbox 63 1243 179 1306; x_wconf 53' lang='lat' dir='ltr'>aaut</span> <span class='ocrx_word' id='word_1_97' title='bbox 194 1244 386 1324; x_wconf 81' lang='lat' dir='ltr'>perpetuae</span> <span class='ocrx_word' id='word_1_98' title='bbox 409 1230 449 1300; x_wconf 95' lang='lat' dir='ltr'>in</span> <span class='ocrx_word' id='word_1_99' title='bbox 463 1227 621 1300; x_wconf 76' lang='lat' dir='ltr'>Ecclesia</span> <span class='ocrx_word' id='word_1_100' title='bbox 636 1231 849 1314; x_wconf 88' lang='lat' dir='ltr'>sententiae,</span> <span class='ocrx_word' id='word_1_101' title='bbox 875 1229 961 1298; x_wconf 89' lang='lat' dir='ltr'>alias</span> <span class='ocrx_word' id='word_1_102' title='bbox 978 1229 1061 1321; x_wconf 92' lang='lat' dir='ltr'>plu·</span> <span class='ocrx_word' id='word_1_103' title='bbox 1109 1251 1200 1320; x_wconf 91' lang='lat' dir='ltr'>quae</span> <span class='ocrx_word' id='word_1_104' title='bbox 1227 1253 1348 1300; x_wconf 90' lang='lat' dir='ltr'>vocem</span> <span class='ocrx_word' id='word_1_105' title='bbox 1371 1227 1558 1322; x_wconf 82' lang='lat' dir='ltr'>Evangelii</span> <span class='ocrx_word' id='word_1_106' title='bbox 1583 1251 1705 1322; x_wconf 89' lang='lat' dir='ltr'>sonat,</span> <span class='ocrx_word' id='word_1_107' title='bbox 1732 1263 1774 1310; x_wconf 83' lang='lat' dir='ltr'>ex</span> <span class='ocrx_word' id='word_1_108' title='bbox 1798 1243 1919 1316; x_wconf 92' lang='lat' dir='ltr'>animo</span> <span class='ocrx_word' id='word_1_109' title='bbox 1943 1271 2104 1342; x_wconf 88' lang='lat' dir='ltr'>veneror,</span> 
     </span>
     <span class='ocr_line' id='line_1_10' title="bbox 59 1332 1762 1425; baseline 0.013 -24"><span class='ocrx_word' id='word_1_110' title='bbox 59 1357 118 1406; x_wconf 89' lang='lat' dir='ltr'>res</span> <span class='ocrx_word' id='word_1_111' title='bbox 137 1347 174 1404; x_wconf 88' lang='lat' dir='ltr'>et</span> <span class='ocrx_word' id='word_1_112' title='bbox 192 1333 319 1403; x_wconf 90' lang='lat' dir='ltr'>maiori</span> <span class='ocrx_word' id='word_1_113' title='bbox 334 1334 413 1402; x_wconf 92' lang='lat' dir='ltr'>luce</span> <span class='ocrx_word' id='word_1_114' title='bbox 433 1333 603 1418; x_wconf 91' lang='lat' dir='ltr'>donatos,</span> <span class='ocrx_word' id='word_1_115' title='bbox 627 1333 716 1404; x_wconf 88' lang='lat' dir='ltr'>alias</span> <span class='ocrx_word' id='word_1_116' title='bbox 730 1333 914 1425; x_wconf 87' lang='lat' dir='ltr'>pauciores</span> <span class='ocrx_word' id='word_1_117' title='bbox 938 1347 974 1402; x_wconf 90' lang='lat' dir='ltr'>et</span> <span class='ocrx_word' id='word_1_118' title='bbox 992 1332 1062 1400; x_wconf 84' lang='lat' dir='ltr'>irn-</span> <span class='ocrx_word' id='word_1_119' title='bbox 1109 1344 1143 1402; x_wconf 89' lang='lat' dir='ltr'>et</span> <span class='ocrx_word' id='word_1_120' title='bbox 1157 1354 1295 1423; x_wconf 78' lang='lat' dir='ltr'>semper</span> <span class='ocrx_word' id='word_1_121' title='bbox 1310 1339 1551 1406; x_wconf 70' lang='lat' dir='ltr'>venerandum</span> <span class='ocrx_word' id='word_1_122' title='bbox 1569 1361 1642 1407; x_wconf 66' lang='lat'>0⁵⁸²</span> <span class='ocrx_word' id='word_1_123' title='bbox 1659 1341 1762 1416; x_wconf 74' lang='lat' dir='ltr'>duco·</span> 
     </span>
    </p>

    <p class='ocr_par' dir='ltr' id='par_1_3' title="bbox 53 1430 2162 2043">
     <span class='ocr_line' id='line_1_11' title="bbox 58 1430 2106 1542; baseline 0.01 -35"><span class='ocrx_word' id='word_1_124' title='bbox 58 1435 277 1508; x_wconf 85' lang='lat' dir='ltr'>becilliores.</span> <span class='ocrx_word' id='word_1_125' title='bbox 333 1431 494 1506; x_wconf 90' lang='lat' dir='ltr'>Colenda</span> <span class='ocrx_word' id='word_1_126' title='bbox 517 1450 602 1508; x_wconf 88' lang='lat' dir='ltr'>sunt</span> <span class='ocrx_word' id='word_1_127' title='bbox 623 1437 733 1528; x_wconf 88' lang='lat' dir='ltr'>igitur</span> <span class='ocrx_word' id='word_1_128' title='bbox 754 1430 841 1506; x_wconf 91' lang='lat' dir='ltr'>haec</span> <span class='ocrx_word' id='word_1_129' title='bbox 860 1434 976 1506; x_wconf 89' lang='lat' dir='ltr'>studia</span> <span class='ocrx_word' id='word_1_130' title='bbox 995 1435 1061 1504; x_wconf 88' lang='lat' dir='ltr'>do·</span> <span class='ocrx_word' id='word_1_131' title='bbox 1208 1431 1263 1504; x_wconf 88' lang='lat' dir='ltr'>De</span> <span class='ocrx_word' id='word_1_132' title='bbox 1285 1439 1472 1506; x_wconf 88' lang='lat' dir='ltr'>enarrandi</span> <span class='ocrx_word' id='word_1_133' title='bbox 1497 1439 1633 1510; x_wconf 88' lang='lat' dir='ltr'>ratione</span> <span class='ocrx_word' id='word_1_134' title='bbox 1657 1445 1809 1533; x_wconf 82' lang='lat' dir='ltr'>praefari</span> <span class='ocrx_word' id='word_1_135' title='bbox 1825 1449 1911 1542; x_wconf 92' lang='lat' dir='ltr'>quid</span> <span class='ocrx_word' id='word_1_136' title='bbox 1935 1457 2106 1542; x_wconf 80' lang='lat' dir='ltr'>possum?</span> 
     </span>
     <span class='ocr_line' id='line_1_12' title="bbox 56 1536 2104 1637; baseline 0.01 -27"><span class='ocrx_word' id='word_1_137' title='bbox 56 1539 200 1612; x_wconf 87' lang='lat' dir='ltr'>ctrinae</span> <span class='ocrx_word' id='word_1_138' title='bbox 215 1538 366 1610; x_wconf 81' lang='lat' dir='ltr'>traditae</span> <span class='ocrx_word' id='word_1_139' title='bbox 383 1538 574 1625; x_wconf 90' lang='lat' dir='ltr'>divinitus,</span> <span class='ocrx_word' id='word_1_140' title='bbox 601 1553 635 1612; x_wconf 93' lang='lat' dir='ltr'>et</span> <span class='ocrx_word' id='word_1_141' title='bbox 650 1538 909 1610; x_wconf 88' lang='lat' dir='ltr'>conservanda:</span> <span class='ocrx_word' id='word_1_142' title='bbox 935 1551 972 1608; x_wconf 91' lang='lat' dir='ltr'>et</span> <span class='ocrx_word' id='word_1_143' title='bbox 984 1536 1061 1629; x_wconf 88' lang='lat' dir='ltr'>pri·</span> <span class='ocrx_word' id='word_1_144' title='bbox 1108 1558 1189 1604; x_wconf 88' lang='lat' dir='ltr'>cum</span> <span class='ocrx_word' id='word_1_145' title='bbox 1207 1538 1396 1608; x_wconf 90' lang='lat' dir='ltr'>consilium</span> <span class='ocrx_word' id='word_1_146' title='bbox 1414 1540 1582 1611; x_wconf 73' lang='lat' dir='ltr'>editionis</span> <span class='ocrx_word' id='word_1_147' title='bbox 1597 1567 1669 1612; x_wconf 90' lang='lat' dir='ltr'>non</span> <span class='ocrx_word' id='word_1_148' title='bbox 1687 1547 1854 1637; x_wconf 84' lang='lat' dir='ltr'>probem,</span> <span class='ocrx_word' id='word_1_149' title='bbox 1877 1565 1914 1624; x_wconf 91' lang='lat' dir='ltr'>et</span> <span class='ocrx_word' id='word_1_150' title='bbox 1929 1549 1996 1626; x_wconf 88' lang='lat' dir='ltr'>hae</span> <span class='ocrx_word' id='word_1_151' title='bbox 2013 1557 2104 1630; x_wconf 87' lang='lat' dir='ltr'>ieiu-</span> 
     </span>
     <span class='ocr_line' id='line_1_13' title="bbox 57 1637 2162 1742; baseline 0.01 -30"><span class='ocrx_word' id='word_1_152' title='bbox 57 1655 165 1712; x_wconf 83' lang='lat' dir='ltr'>vatae</span> <span class='ocrx_word' id='word_1_153' title='bbox 186 1641 436 1712; x_wconf 80' lang='lat' dir='ltr'>meditationes</span> <span class='ocrx_word' id='word_1_154' title='bbox 457 1642 669 1712; x_wconf 83' lang='lat' dir='ltr'>confirmant</span> <span class='ocrx_word' id='word_1_155' title='bbox 687 1665 808 1712; x_wconf 89' lang='lat' dir='ltr'>veram</span> <span class='ocrx_word' id='word_1_156' title='bbox 824 1641 868 1710; x_wconf 91' lang='lat' dir='ltr'>de</span> <span class='ocrx_word' id='word_1_157' title='bbox 885 1637 962 1710; x_wconf 90' lang='lat' dir='ltr'>Deo</span> <span class='ocrx_word' id='word_1_158' title='bbox 979 1663 1060 1710; x_wconf 85' lang='lat' dir='ltr'>sen·</span> <span class='ocrx_word' id='word_1_159' title='bbox 1109 1661 1176 1706; x_wconf 90' lang='lat' dir='ltr'>nae</span> <span class='ocrx_word' id='word_1_160' title='bbox 1196 1641 1445 1712; x_wconf 86' lang='lat' dir='ltr'>annotationes</span> <span class='ocrx_word' id='word_1_161' title='bbox 1475 1667 1699 1738; x_wconf 88' lang='lat' dir='ltr'>nequaquam</span> <span class='ocrx_word' id='word_1_162' title='bbox 1722 1655 1959 1742; x_wconf 85' lang='lat' dir='ltr'>respondeant</span> <span class='ocrx_word' id='word_1_163' title='bbox 1979 1655 2103 1730; x_wconf 87' lang='lat' dir='ltr'>Evan-</span> <span class='ocrx_word' id='word_1_164' title='bbox 2154 1649 2162 1666; x_wconf 71' lang='grc'><em>’</em></span> 
     </span>
     <span class='ocr_line' id='line_1_14' title="bbox 56 1739 2105 1848; baseline 0.013 -39"><span class='ocrx_word' id='word_1_165' title='bbox 56 1743 214 1816; x_wconf 89' lang='lat' dir='ltr'>tentiam</span> <span class='ocrx_word' id='word_1_166' title='bbox 248 1742 288 1814; x_wconf 92' lang='lat' dir='ltr'>in</span> <span class='ocrx_word' id='word_1_167' title='bbox 319 1743 467 1830; x_wconf 87' lang='lat' dir='ltr'>animis,</span> <span class='ocrx_word' id='word_1_168' title='bbox 502 1747 701 1816; x_wconf 87' lang='lat' dir='ltr'>accendunt</span> <span class='ocrx_word' id='word_1_169' title='bbox 729 1742 991 1816; x_wconf 85' lang='lat' dir='ltr'>invocationem</span> <span class='ocrx_word' id='word_1_170' title='bbox 1026 1754 1061 1812; x_wconf 92' lang='lat' dir='ltr'>et</span> <span class='ocrx_word' id='word_1_171' title='bbox 1108 1739 1282 1830; x_wconf 86' lang='lat' dir='ltr'>geliorum</span> <span class='ocrx_word' id='word_1_172' title='bbox 1299 1743 1541 1834; x_wconf 85' lang='lat' dir='ltr'>amplitudini.</span> <span class='ocrx_word' id='word_1_173' title='bbox 1590 1743 1654 1818; x_wconf 92' lang='lat' dir='ltr'>Est</span> <span class='ocrx_word' id='word_1_174' title='bbox 1670 1753 1819 1826; x_wconf 89' lang='lat' dir='ltr'>omnino</span> <span class='ocrx_word' id='word_1_175' title='bbox 1835 1779 1962 1848; x_wconf 88' lang='lat' dir='ltr'>magna</span> <span class='ocrx_word' id='word_1_176' title='bbox 1982 1775 2017 1832; x_wconf 94' lang='lat' dir='ltr'>et</span> <span class='ocrx_word' id='word_1_177' title='bbox 2033 1763 2105 1834; x_wconf 82' lang='lat' dir='ltr'>dif-</span> 
     </span>
     <span class='ocr_line' id='line_1_15' title="bbox 53 1843 2104 1952; baseline 0.013 -42"><span class='ocrx_word' id='word_1_178' title='bbox 53 1847 153 1918; x_wconf 63' lang='grc' dir='ltr'>Δίος</span> <span class='ocrx_word' id='word_1_179' title='bbox 185 1846 264 1938; x_wconf 92' lang='lat' dir='ltr'>pios</span> <span class='ocrx_word' id='word_1_180' title='bbox 293 1859 422 1920; x_wconf 89' lang='lat' dir='ltr'>motus.</span> <span class='ocrx_word' id='word_1_181' title='bbox 481 1844 553 1919; x_wconf 89' lang='lat' dir='ltr'>Sed</span> <span class='ocrx_word' id='word_1_182' title='bbox 585 1849 624 1918; x_wconf 93' lang='lat' dir='ltr'>in</span> <span class='ocrx_word' id='word_1_183' title='bbox 657 1847 874 1918; x_wconf 87' lang='lat' dir='ltr'>editionibus</span> <span class='ocrx_word' id='word_1_184' title='bbox 909 1844 1060 1938; x_wconf 88' lang='lat' dir='ltr'>publicis</span> <span class='ocrx_word' id='word_1_185' title='bbox 1109 1843 1212 1912; x_wconf 85' lang='lat' dir='ltr'>licitis</span> <span class='ocrx_word' id='word_1_186' title='bbox 1226 1865 1283 1912; x_wconf 91' lang='lat' dir='ltr'>res</span> <span class='ocrx_word' id='word_1_187' title='bbox 1299 1845 1486 1937; x_wconf 83' lang='lat' dir='ltr'>explicatio</span> <span class='ocrx_word' id='word_1_188' title='bbox 1500 1845 1706 1952; x_wconf 80' lang='lat' dir='ltr'>Evangelii,</span> <span class='ocrx_word' id='word_1_189' title='bbox 1730 1859 1847 1946; x_wconf 89' lang='lat' dir='ltr'>qnod,</span> <span class='ocrx_word' id='word_1_190' title='bbox 1872 1873 1912 1930; x_wconf 91' lang='lat' dir='ltr'>nt</span> <span class='ocrx_word' id='word_1_191' title='bbox 1926 1877 2028 1934; x_wconf 90' lang='lat' dir='ltr'>antea</span> <span class='ocrx_word' id='word_1_192' title='bbox 2046 1867 2104 1936; x_wconf 88' lang='lat' dir='ltr'>di-</span> 
     </span>
     <span class='ocr_line' id='line_1_16' title="bbox 56 1943 2103 2043; baseline 0.02 -44"><span class='ocrx_word' id='word_1_193' title='bbox 56 1973 190 2021; x_wconf 64' lang='lat' dir='ltr'><strong>0mn„</strong></span> <span class='ocrx_word' id='word_1_194' title='bbox 205 1949 293 2020; x_wconf 68' lang='lat' dir='ltr'><strong>boni</strong></span> <span class='ocrx_word' id='word_1_195' title='bbox 318 1962 353 2021; x_wconf 74' lang='lat' dir='ltr'>et</span> <span class='ocrx_word' id='word_1_196' title='bbox 370 1950 560 2039; x_wconf 82' lang='lat' dir='ltr'>prudentes</span> <span class='ocrx_word' id='word_1_197' title='bbox 575 1963 701 2043; x_wconf 91' lang='lat' dir='ltr'>optant</span> <span class='ocrx_word' id='word_1_198' title='bbox 719 1951 894 2020; x_wconf 88' lang='lat' dir='ltr'>delectum</span> <span class='ocrx_word' id='word_1_199' title='bbox 909 1943 1059 2018; x_wconf 87' lang='lat' dir='ltr'>adhihe—</span> <span class='ocrx_word' id='word_1_200' title='bbox 1107 1947 1161 2032; x_wconf 82' lang='lat' dir='ltr'>xi,</span> <span class='ocrx_word' id='word_1_201' title='bbox 1186 1947 1452 2038; x_wconf 89' lang='lat' dir='ltr'>complectenda</span> <span class='ocrx_word' id='word_1_202' title='bbox 1468 1951 1515 2022; x_wconf 88' lang='lat' dir='ltr'>sit</span> <span class='ocrx_word' id='word_1_203' title='bbox 1531 1953 1744 2043; x_wconf 86' lang='lat' dir='ltr'>cogitatione</span> <span class='ocrx_word' id='word_1_204' title='bbox 1758 1960 1921 2032; x_wconf 87' lang='lat' dir='ltr'>universa</span> <span class='ocrx_word' id='word_1_205' title='bbox 1941 1967 2103 2040; x_wconf 91' lang='lat' dir='ltr'>omnium</span> 
     </span>
    </p>
   </div>
   <div class='ocr_carea' id='block_1_3' title="bbox 55 2046 2228 2145">
    <p class='ocr_par' dir='ltr' id='par_1_4' title="bbox 55 2046 2228 2145">
     <span class='ocr_line' id='line_1_17' title="bbox 55 2046 2228 2145; baseline 0.008 -22"><span class='ocrx_word' id='word_1_206' title='bbox 55 2053 116 2132; x_wconf 89' lang='lat' dir='ltr'>ri,</span> <span class='ocrx_word' id='word_1_207' title='bbox 150 2065 186 2122; x_wconf 88' lang='lat' dir='ltr'>et</span> <span class='ocrx_word' id='word_1_208' title='bbox 207 2051 373 2144; x_wconf 88' lang='lat' dir='ltr'>pauciora</span> <span class='ocrx_word' id='word_1_209' title='bbox 394 2052 524 2143; x_wconf 86' lang='lat' dir='ltr'>scripta</span> <span class='ocrx_word' id='word_1_210' title='bbox 546 2053 646 2142; x_wconf 87' lang='lat' dir='ltr'>gravi</span> <span class='ocrx_word' id='word_1_211' title='bbox 661 2077 809 2124; x_wconf 89' lang='lat' dir='ltr'>censura</span> <span class='ocrx_word' id='word_1_212' title='bbox 831 2051 1058 2143; x_wconf 88' lang='lat' dir='ltr'>comprobata</span> <span class='ocrx_word' id='word_1_213' title='bbox 1108 2059 1308 2142; x_wconf 89' lang='lat' dir='ltr'>temporum</span> <span class='ocrx_word' id='word_1_214' title='bbox 1323 2046 1500 2138; x_wconf 88' lang='lat' dir='ltr'>Ecclesia,</span> <span class='ocrx_word' id='word_1_215' title='bbox 1526 2067 1561 2122; x_wconf 92' lang='lat' dir='ltr'>et</span> <span class='ocrx_word' id='word_1_216' title='bbox 1587 2059 1780 2145; x_wconf 86' lang='lat' dir='ltr'>prudenter</span> <span class='ocrx_word' id='word_1_217' title='bbox 1802 2062 2036 2140; x_wconf 88' lang='lat' dir='ltr'>discernenda</span> <span class='ocrx_word' id='word_1_218' title='bbox 2059 2071 2105 2145; x_wconf 85' lang='lat' dir='ltr'>sit</span> <span class='ocrx_word' id='word_1_219' title='bbox 2226 2099 2228 2116; x_wconf 74' lang='lat'><strong>¹</strong></span> 
     </span>
    </p>
   </div>
   <div class='ocr_carea' id='block_1_4' title="bbox 55 2150 2128 3287">
    <p class='ocr_par' dir='ltr' id='par_1_5' title="bbox 55 2150 2128 2669">
     <span class='ocr_line' id='line_1_18' title="bbox 55 2150 2105 2261; baseline 0.01 -38"><span class='ocrx_word' id='word_1_220' title='bbox 55 2155 183 2248; x_wconf 79' lang='lat' dir='ltr'>spargi</span> <span class='ocrx_word' id='word_1_221' title='bbox 206 2155 247 2223; x_wconf 95' lang='lat' dir='ltr'>in</span> <span class='ocrx_word' id='word_1_222' title='bbox 271 2154 418 2246; x_wconf 87' lang='lat' dir='ltr'>populo.</span> <span class='ocrx_word' id='word_1_223' title='bbox 475 2151 594 2226; x_wconf 90' lang='lat' dir='ltr'>Huius</span> <span class='ocrx_word' id='word_1_224' title='bbox 620 2156 673 2225; x_wconf 89' lang='lat' dir='ltr'>rei</span> <span class='ocrx_word' id='word_1_225' title='bbox 696 2180 816 2224; x_wconf 88' lang='lat' dir='ltr'>euram</span> <span class='ocrx_word' id='word_1_226' title='bbox 843 2154 1060 2226; x_wconf 86' lang='lat' dir='ltr'>mandarunt</span> <span class='ocrx_word' id='word_1_227' title='bbox 1108 2150 1165 2220; x_wconf 78' lang='lat' dir='ltr'>lex</span> <span class='ocrx_word' id='word_1_228' title='bbox 1188 2151 1477 2242; x_wconf 88' lang='lat' dir='ltr'>apromissione,</span> <span class='ocrx_word' id='word_1_229' title='bbox 1503 2180 1592 2249; x_wconf 87' lang='lat' dir='ltr'>quae</span> <span class='ocrx_word' id='word_1_230' title='bbox 1609 2173 1661 2230; x_wconf 84' lang='lat' dir='ltr'>est</span> <span class='ocrx_word' id='word_1_231' title='bbox 1674 2158 1862 2254; x_wconf 90' lang='lat' dir='ltr'>Evangelii</span> <span class='ocrx_word' id='word_1_232' title='bbox 1877 2171 2044 2261; x_wconf 89' lang='lat' dir='ltr'>propria,</span> <span class='ocrx_word' id='word_1_233' title='bbox 2070 2187 2105 2246; x_wconf 90' lang='lat' dir='ltr'>et</span> 
     </span>
     <span class='ocr_line' id='line_1_19' title="bbox 56 2252 2105 2364; baseline 0.009 -37"><span class='ocrx_word' id='word_1_234' title='bbox 56 2257 210 2352; x_wconf 89' lang='lat' dir='ltr'>quidem</span> <span class='ocrx_word' id='word_1_235' title='bbox 231 2255 417 2347; x_wconf 88' lang='lat' dir='ltr'>Principes</span> <span class='ocrx_word' id='word_1_236' title='bbox 441 2257 565 2340; x_wconf 89' lang='lat' dir='ltr'>nohis,</span> <span class='ocrx_word' id='word_1_237' title='bbox 592 2257 655 2351; x_wconf 93' lang='lat' dir='ltr'>qui</span> <span class='ocrx_word' id='word_1_238' title='bbox 669 2257 787 2328; x_wconf 86' lang='lat' dir='ltr'>studia</span> <span class='ocrx_word' id='word_1_239' title='bbox 802 2256 986 2326; x_wconf 88' lang='lat' dir='ltr'>doctrinae</span> <span class='ocrx_word' id='word_1_240' title='bbox 1002 2279 1059 2324; x_wconf 93' lang='lat' dir='ltr'>re-</span> <span class='ocrx_word' id='word_1_241' title='bbox 1109 2252 1148 2321; x_wconf 91' lang='lat' dir='ltr'>in</span> <span class='ocrx_word' id='word_1_242' title='bbox 1163 2254 1285 2324; x_wconf 88' lang='lat' dir='ltr'>multis</span> <span class='ocrx_word' id='word_1_243' title='bbox 1307 2254 1396 2325; x_wconf 88' lang='lat' dir='ltr'>locis</span> <span class='ocrx_word' id='word_1_244' title='bbox 1417 2261 1690 2330; x_wconf 89' lang='lat' dir='ltr'>monstrandum</span> <span class='ocrx_word' id='word_1_245' title='bbox 1708 2264 1900 2340; x_wconf 89' lang='lat' dir='ltr'>discrimen</span> <span class='ocrx_word' id='word_1_246' title='bbox 1914 2267 2105 2364; x_wconf 70' lang='lat' dir='ltr'>Evangelii</span> 
     </span>
     <span class='ocr_line' id='line_1_20' title="bbox 57 2351 2104 2468; baseline 0.011 -42"><span class='ocrx_word' id='word_1_247' title='bbox 57 2359 202 2450; x_wconf 81' lang='lat' dir='ltr'>gimua3</span> <span class='ocrx_word' id='word_1_248' title='bbox 225 2361 286 2430; x_wconf 86' lang='lat' dir='ltr'>sed</span> <span class='ocrx_word' id='word_1_249' title='bbox 309 2359 394 2452; x_wconf 91' lang='lat' dir='ltr'>quia</span> <span class='ocrx_word' id='word_1_250' title='bbox 421 2382 497 2428; x_wconf 89' lang='lat' dir='ltr'>non</span> <span class='ocrx_word' id='word_1_251' title='bbox 518 2361 731 2430; x_wconf 90' lang='lat' dir='ltr'>adiuvamur</span> <span class='ocrx_word' id='word_1_252' title='bbox 744 2361 789 2430; x_wconf 93' lang='lat' dir='ltr'>ab</span> <span class='ocrx_word' id='word_1_253' title='bbox 805 2361 873 2444; x_wconf 89' lang='lat' dir='ltr'>eis,</span> <span class='ocrx_word' id='word_1_254' title='bbox 899 2358 1060 2428; x_wconf 86' lang='lat' dir='ltr'>officinae</span> <span class='ocrx_word' id='word_1_255' title='bbox 1109 2370 1145 2426; x_wconf 91' lang='lat' dir='ltr'>et</span> <span class='ocrx_word' id='word_1_256' title='bbox 1161 2357 1284 2426; x_wconf 90' lang='lat' dir='ltr'>iudicii</span> <span class='ocrx_word' id='word_1_257' title='bbox 1300 2351 1460 2434; x_wconf 92' lang='lat' dir='ltr'>humani.</span> <span class='ocrx_word' id='word_1_258' title='bbox 1511 2357 1624 2432; x_wconf 90' lang='lat' dir='ltr'>Nemo</span> <span class='ocrx_word' id='word_1_259' title='bbox 1642 2377 1755 2454; x_wconf 91' lang='lat' dir='ltr'>potest</span> <span class='ocrx_word' id='word_1_260' title='bbox 1778 2369 2007 2463; x_wconf 90' lang='lat' dir='ltr'>interpretari</span> <span class='ocrx_word' id='word_1_261' title='bbox 2023 2400 2104 2468; x_wconf 88' lang='lat' dir='ltr'>par-</span> 
     </span>
     <span class='ocr_line' id='line_1_21' title="bbox 58 2455 2105 2567; baseline 0.01 -37"><span class='ocrx_word' id='word_1_262' title='bbox 58 2459 236 2531; x_wconf 89' lang='lat' dir='ltr'>librariae</span> <span class='ocrx_word' id='word_1_263' title='bbox 267 2475 406 2533; x_wconf 87' lang='lat' dir='ltr'>nostras</span> <span class='ocrx_word' id='word_1_264' title='bbox 438 2462 719 2560; x_wconf 46' lang='lat' dir='ltr'>admonitiones·</span> <span class='ocrx_word' id='word_1_265' title='bbox 735 2486 776 2533; x_wconf 90' lang='lat' dir='ltr'>ac</span> <span class='ocrx_word' id='word_1_266' title='bbox 807 2461 901 2552; x_wconf 89' lang='lat' dir='ltr'>leges</span> <span class='ocrx_word' id='word_1_267' title='bbox 934 2459 1061 2530; x_wconf 88' lang='lat' dir='ltr'>leviter</span> <span class='ocrx_word' id='word_1_268' title='bbox 1108 2472 1160 2529; x_wconf 89' lang='lat' dir='ltr'>tes</span> <span class='ocrx_word' id='word_1_269' title='bbox 1175 2455 1385 2550; x_wconf 81' lang='lat' dir='ltr'>Evangelii,</span> <span class='ocrx_word' id='word_1_270' title='bbox 1406 2461 1477 2530; x_wconf 92' lang='lat' dir='ltr'>nisi</span> <span class='ocrx_word' id='word_1_271' title='bbox 1492 2461 1669 2551; x_wconf 89' lang='lat' dir='ltr'>integrum</span> <span class='ocrx_word' id='word_1_272' title='bbox 1686 2468 1869 2543; x_wconf 88' lang='lat' dir='ltr'>doctrinae</span> <span class='ocrx_word' id='word_1_273' title='bbox 1884 2499 2013 2567; x_wconf 88' lang='lat' dir='ltr'>corpus</span> <span class='ocrx_word' id='word_1_274' title='bbox 2029 2503 2105 2550; x_wconf 88' lang='lat' dir='ltr'>me-</span> 
     </span>
     <span class='ocr_line' id='line_1_22' title="bbox 58 2561 2128 2669; baseline 0.015 -47"><span class='ocrx_word' id='word_1_275' title='bbox 58 2577 206 2636; x_wconf 66' lang='lat' dir='ltr'>curaut.</span> <span class='ocrx_word' id='word_1_276' title='bbox 1110 2561 1278 2632; x_wconf 89' lang='lat' dir='ltr'>diocriter</span> <span class='ocrx_word' id='word_1_277' title='bbox 1292 2575 1425 2632; x_wconf 86' lang='lat' dir='ltr'>teneat:</span> <span class='ocrx_word' id='word_1_278' title='bbox 1456 2566 1649 2657; x_wconf 90' lang='lat' dir='ltr'>quodcum</span> <span class='ocrx_word' id='word_1_279' title='bbox 1670 2570 1790 2644; x_wconf 87' lang='lat' dir='ltr'>animo</span> <span class='ocrx_word' id='word_1_280' title='bbox 1805 2573 2103 2669; x_wconf 85' lang='lat' dir='ltr'>comprehensum</span> <span class='ocrx_word' id='word_1_281' title='bbox 2122 2651 2128 2660; x_wconf 78' lang='grc'><strong>,</strong></span> 
     </span>
    </p>

    <p class='ocr_par' dir='ltr' id='par_1_6' title="bbox 58 2659 2107 3287">
     <span class='ocr_line' id='line_1_23' title="bbox 169 2659 2105 2769; baseline 0.011 -36"><span class='ocrx_word' id='word_1_282' title='bbox 169 2659 245 2758; x_wconf 86' lang='lat' dir='ltr'>Ego</span> <span class='ocrx_word' id='word_1_283' title='bbox 269 2665 368 2736; x_wconf 91' lang='lat' dir='ltr'>domi</span> <span class='ocrx_word' id='word_1_284' title='bbox 404 2665 531 2736; x_wconf 89' lang='lat' dir='ltr'>solitus</span> <span class='ocrx_word' id='word_1_285' title='bbox 562 2689 641 2736; x_wconf 90' lang='lat' dir='ltr'>sum</span> <span class='ocrx_word' id='word_1_286' title='bbox 668 2665 858 2736; x_wconf 87' lang='lat' dir='ltr'>iuvenibus</span> <span class='ocrx_word' id='word_1_287' title='bbox 885 2687 1060 2734; x_wconf 87' lang='lat' dir='ltr'>summam</span> <span class='ocrx_word' id='word_1_288' title='bbox 1111 2677 1178 2750; x_wconf 90' lang='lat' dir='ltr'>est,</span> <span class='ocrx_word' id='word_1_289' title='bbox 1210 2665 1406 2757; x_wconf 89' lang='lat' dir='ltr'>prudenter</span> <span class='ocrx_word' id='word_1_290' title='bbox 1428 2667 1641 2755; x_wconf 90' lang='lat' dir='ltr'>videndum,</span> <span class='ocrx_word' id='word_1_291' title='bbox 1673 2675 1716 2742; x_wconf 91' lang='lat' dir='ltr'>ad</span> <span class='ocrx_word' id='word_1_292' title='bbox 1741 2700 1847 2767; x_wconf 91' lang='lat' dir='ltr'>quam</span> <span class='ocrx_word' id='word_1_293' title='bbox 1868 2694 2006 2769; x_wconf 91' lang='lat' dir='ltr'>partem</span> <span class='ocrx_word' id='word_1_294' title='bbox 2026 2684 2105 2754; x_wconf 84' lang='lat' dir='ltr'>sin-</span> 
     </span>
     <span class='ocr_line' id='line_1_24' title="bbox 58 2762 2105 2872; baseline 0.007 -32"><span class='ocrx_word' id='word_1_295' title='bbox 58 2764 479 2840; x_wconf 87' lang='lat' dir='ltr'>doetrinaeChristianae</span> <span class='ocrx_word' id='word_1_296' title='bbox 495 2769 655 2854; x_wconf 86' lang='lat' dir='ltr'>tradere,</span> <span class='ocrx_word' id='word_1_297' title='bbox 681 2782 715 2838; x_wconf 92' lang='lat' dir='ltr'>et</span> <span class='ocrx_word' id='word_1_298' title='bbox 729 2768 899 2838; x_wconf 90' lang='lat' dir='ltr'>lectiones</span> <span class='ocrx_word' id='word_1_299' title='bbox 914 2769 1061 2838; x_wconf 86' lang='lat' dir='ltr'>usitatas</span> <span class='ocrx_word' id='word_1_300' title='bbox 1109 2765 1212 2858; x_wconf 87' lang='lat' dir='ltr'>gulae</span> <span class='ocrx_word' id='word_1_301' title='bbox 1230 2762 1400 2840; x_wconf 89' lang='lat' dir='ltr'>historiae</span> <span class='ocrx_word' id='word_1_302' title='bbox 1421 2783 1482 2840; x_wconf 90' lang='lat' dir='ltr'>aut</span> <span class='ocrx_word' id='word_1_303' title='bbox 1506 2771 1696 2844; x_wconf 81' lang='lat' dir='ltr'>conciones</span> <span class='ocrx_word' id='word_1_304' title='bbox 1723 2777 1764 2846; x_wconf 92' lang='lat' dir='ltr'>in</span> <span class='ocrx_word' id='word_1_305' title='bbox 1785 2773 1983 2872; x_wconf 87' lang='lat' dir='ltr'>Evangelio</span> <span class='ocrx_word' id='word_1_306' title='bbox 2013 2788 2105 2858; x_wconf 80' lang='lat' dir='ltr'>refe-</span> 
     </span>
     <span class='ocr_line' id='line_1_25' title="bbox 59 2867 2107 2979; baseline 0.009 -38"><span class='ocrx_word' id='word_1_307' title='bbox 59 2873 104 2942; x_wconf 93' lang='lat' dir='ltr'>in</span> <span class='ocrx_word' id='word_1_308' title='bbox 122 2867 280 2942; x_wconf 88' lang='lat' dir='ltr'>Ecclesia</span> <span class='ocrx_word' id='word_1_309' title='bbox 296 2883 568 2964; x_wconf 91' lang='lat' dir='ltr'>proponere,ut</span> <span class='ocrx_word' id='word_1_310' title='bbox 584 2873 628 2940; x_wconf 92' lang='lat' dir='ltr'>ad</span> <span class='ocrx_word' id='word_1_311' title='bbox 645 2870 913 2941; x_wconf 89' lang='lat' dir='ltr'>meditationem</span> <span class='ocrx_word' id='word_1_312' title='bbox 928 2873 973 2942; x_wconf 91' lang='lat' dir='ltr'>de</span> <span class='ocrx_word' id='word_1_313' title='bbox 986 2871 1060 2939; x_wconf 90' lang='lat' dir='ltr'>vir·</span> <span class='ocrx_word' id='word_1_314' title='bbox 1108 2873 1241 2940; x_wconf 84' lang='lat' dir='ltr'>rendae</span> <span class='ocrx_word' id='word_1_315' title='bbox 1265 2873 1349 2946; x_wconf 88' lang='lat' dir='ltr'>sint.</span> <span class='ocrx_word' id='word_1_316' title='bbox 1401 2867 1450 2944; x_wconf 87' lang='lat' dir='ltr'>Et</span> <span class='ocrx_word' id='word_1_317' title='bbox 1467 2875 1718 2959; x_wconf 90' lang='lat' dir='ltr'>concionator,</span> <span class='ocrx_word' id='word_1_318' title='bbox 1744 2881 1918 2976; x_wconf 88' lang='lat' dir='ltr'>quivolet</span> <span class='ocrx_word' id='word_1_319' title='bbox 1939 2889 2107 2979; x_wconf 86' lang='lat' dir='ltr'>prodesse</span> 
     </span>
     <span class='ocr_line' id='line_1_26' title="bbox 59 2972 2107 3065; baseline 0.008 -17"><span class='ocrx_word' id='word_1_320' title='bbox 59 2987 141 3048; x_wconf 83' lang='lat' dir='ltr'>tute</span> <span class='ocrx_word' id='word_1_321' title='bbox 158 2973 322 3044; x_wconf 90' lang='lat' dir='ltr'>omnium</span> <span class='ocrx_word' id='word_1_322' title='bbox 341 2997 497 3059; x_wconf 89' lang='lat' dir='ltr'>summa,</span> <span class='ocrx_word' id='word_1_323' title='bbox 522 2975 558 3042; x_wconf 93' lang='lat' dir='ltr'>id</span> <span class='ocrx_word' id='word_1_324' title='bbox 585 2989 654 3059; x_wconf 86' lang='lat' dir='ltr'>est,</span> <span class='ocrx_word' id='word_1_325' title='bbox 674 2975 720 3043; x_wconf 93' lang='lat' dir='ltr'>de</span> <span class='ocrx_word' id='word_1_326' title='bbox 739 2972 921 3064; x_wconf 85' lang='lat' dir='ltr'>agnitione</span> <span class='ocrx_word' id='word_1_327' title='bbox 944 2979 979 3045; x_wconf 77' lang='lat' dir='ltr'>e&#39;t</span> <span class='ocrx_word' id='word_1_328' title='bbox 1002 2972 1060 3042; x_wconf 91' lang='lat' dir='ltr'>in·</span> <span class='ocrx_word' id='word_1_329' title='bbox 1108 2974 1265 3065; x_wconf 89' lang='lat' dir='ltr'>populo,</span> <span class='ocrx_word' id='word_1_330' title='bbox 1289 2975 1391 3046; x_wconf 88' lang='lat' dir='ltr'>dabit</span> <span class='ocrx_word' id='word_1_331' title='bbox 1411 2999 1575 3065; x_wconf 90' lang='lat' dir='ltr'>operam,</span> <span class='ocrx_word' id='word_1_332' title='bbox 1599 2991 1641 3050; x_wconf 91' lang='lat' dir='ltr'>ut</span> <span class='ocrx_word' id='word_1_333' title='bbox 1662 2981 1841 3056; x_wconf 89' lang='lat' dir='ltr'>auditores</span> <span class='ocrx_word' id='word_1_334' title='bbox 1863 2987 1968 3058; x_wconf 88' lang='lat' dir='ltr'>etiam</span> <span class='ocrx_word' id='word_1_335' title='bbox 1986 3011 2107 3064; x_wconf 55' lang='lat' dir='ltr'>assum</span> 
     </span>
     <span class='ocr_line' id='line_1_27' title="bbox 60 3073 2106 3172; baseline 0.009 -24"><span class='ocrx_word' id='word_1_336' title='bbox 60 3073 326 3148; x_wconf 76' lang='lat' dir='ltr'>vocationeDei</span> <span class='ocrx_word' id='word_1_337' title='bbox 342 3077 584 3163; x_wconf 62' lang='lat' dir='ltr'>assumerent,</span> <span class='ocrx_word' id='word_1_338' title='bbox 611 3090 646 3148; x_wconf 89' lang='lat' dir='ltr'>et</span> <span class='ocrx_word' id='word_1_339' title='bbox 660 3076 729 3147; x_wconf 89' lang='lat' dir='ltr'>alia</span> <span class='ocrx_word' id='word_1_340' title='bbox 747 3075 948 3148; x_wconf 85' lang='lat' dir='ltr'>officiaDeo</span> <span class='ocrx_word' id='word_1_341' title='bbox 963 3089 1060 3166; x_wconf 90' lang='lat' dir='ltr'>grata</span> <span class='ocrx_word' id='word_1_342' title='bbox 1108 3074 1236 3162; x_wconf 88' lang='lat' dir='ltr'>saciat,</span> <span class='ocrx_word' id='word_1_343' title='bbox 1268 3090 1308 3150; x_wconf 93' lang='lat' dir='ltr'>ut</span> <span class='ocrx_word' id='word_1_344' title='bbox 1327 3101 1501 3148; x_wconf 85' lang='lat' dir='ltr'>summam</span> <span class='ocrx_word' id='word_1_345' title='bbox 1525 3083 1705 3172; x_wconf 91' lang='lat' dir='ltr'>quandam</span> <span class='ocrx_word' id='word_1_346' title='bbox 1729 3087 1911 3162; x_wconf 89' lang='lat' dir='ltr'>doctrinae</span> <span class='ocrx_word' id='word_1_347' title='bbox 1932 3089 2106 3167; x_wconf 83' lang='lat' dir='ltr'>Christia-</span> 
     </span>
     <span class='ocr_line' id='line_1_28' title="bbox 61 3175 2106 3287; baseline 0.01 -37"><span class='ocrx_word' id='word_1_348' title='bbox 61 3179 253 3253; x_wconf 84' lang='lat' dir='ltr'>discerent.</span> <span class='ocrx_word' id='word_1_349' title='bbox 296 3175 345 3250; x_wconf 90' lang='lat' dir='ltr'>Et</span> <span class='ocrx_word' id='word_1_350' title='bbox 359 3179 471 3251; x_wconf 91' lang='lat' dir='ltr'>multa</span> <span class='ocrx_word' id='word_1_351' title='bbox 485 3194 569 3252; x_wconf 87' lang='lat' dir='ltr'>sunt</span> <span class='ocrx_word' id='word_1_352' title='bbox 582 3181 622 3250; x_wconf 89' lang='lat' dir='ltr'>in</span> <span class='ocrx_word' id='word_1_353' title='bbox 640 3180 716 3272; x_wconf 90' lang='lat' dir='ltr'>ipsa</span> <span class='ocrx_word' id='word_1_354' title='bbox 732 3175 921 3270; x_wconf 88' lang='lat' dir='ltr'>Evangelii</span> <span class='ocrx_word' id='word_1_355' title='bbox 936 3178 1062 3248; x_wconf 91' lang='lat' dir='ltr'>lectio-</span> <span class='ocrx_word' id='word_1_356' title='bbox 1109 3203 1177 3249; x_wconf 92' lang='lat' dir='ltr'>nae</span> <span class='ocrx_word' id='word_1_357' title='bbox 1192 3179 1313 3250; x_wconf 89' lang='lat' dir='ltr'>animo</span> <span class='ocrx_word' id='word_1_358' title='bbox 1328 3175 1628 3280; x_wconf 70' lang='lat' dir='ltr'>comprehendere</span> <span class='ocrx_word' id='word_1_359' title='bbox 1644 3188 1827 3275; x_wconf 88' lang='lat' dir='ltr'>studeant,</span> <span class='ocrx_word' id='word_1_360' title='bbox 1859 3206 1893 3263; x_wconf 92' lang='lat' dir='ltr'>et</span> <span class='ocrx_word' id='word_1_361' title='bbox 1913 3197 2015 3287; x_wconf 88' lang='lat' dir='ltr'>quasi</span> <span class='ocrx_word' id='word_1_362' title='bbox 2032 3219 2106 3270; x_wconf 84' lang='lat' dir='ltr'>oco·</span> 
     </span>
    </p>
   </div>
   <div class='ocr_carea' id='block_1_5' title="bbox 62 3277 2243 3384">
    <p class='ocr_par' dir='ltr' id='par_1_7' title="bbox 62 3277 2243 3384">
     <span class='ocr_line' id='line_1_29' title="bbox 62 3277 2243 3384; baseline 0.009 -32"><span class='ocrx_word' id='word_1_363' title='bbox 62 3306 129 3369; x_wconf 90' lang='lat' dir='ltr'>ne,</span> <span class='ocrx_word' id='word_1_364' title='bbox 154 3307 245 3377; x_wconf 93' lang='lat' dir='ltr'>qnae</span> <span class='ocrx_word' id='word_1_365' title='bbox 268 3282 345 3351; x_wconf 90' lang='lat' dir='ltr'>sine</span> <span class='ocrx_word' id='word_1_366' title='bbox 366 3281 497 3367; x_wconf 86' lang='lat' dir='ltr'>literis,</span> <span class='ocrx_word' id='word_1_367' title='bbox 523 3283 599 3352; x_wconf 88' lang='lat' dir='ltr'>sine</span> <span class='ocrx_word' id='word_1_368' title='bbox 617 3277 848 3354; x_wconf 88' lang='lat' dir='ltr'>historiarum</span> <span class='ocrx_word' id='word_1_369' title='bbox 872 3282 1062 3352; x_wconf 89' lang='lat' dir='ltr'>collatione</span> <span class='ocrx_word' id='word_1_370' title='bbox 1108 3283 1343 3374; x_wconf 73' lang='lat' dir='ltr'>pocoameiv3</span> <span class='ocrx_word' id='word_1_371' title='bbox 1370 3294 1404 3352; x_wconf 87' lang='lat' dir='ltr'>et</span> <span class='ocrx_word' id='word_1_372' title='bbox 1421 3283 1460 3352; x_wconf 94' lang='lat' dir='ltr'>in</span> <span class='ocrx_word' id='word_1_373' title='bbox 1477 3283 1626 3374; x_wconf 87' lang='lat' dir='ltr'>singulis</span> <span class='ocrx_word' id='word_1_374' title='bbox 1644 3291 1801 3360; x_wconf 88' lang='lat' dir='ltr'>materiis</span> <span class='ocrx_word' id='word_1_375' title='bbox 1820 3293 1949 3384; x_wconf 88' lang='lat' dir='ltr'>dirigat</span> <span class='ocrx_word' id='word_1_376' title='bbox 1969 3299 2105 3370; x_wconf 89' lang='lat' dir='ltr'>oratio·</span> <span class='ocrx_word' id='word_1_377' title='bbox 2238 3320 2243 3329; x_wconf 90' lang='grc'><em>’</em></span> 
     </span>
    </p>
   </div>
   <div class='ocr_carea' id='block_1_6' title="bbox 63 3383 2115 5531">
    <p class='ocr_par' dir='ltr' id='par_1_8' title="bbox 63 3383 2115 5531">
     <span class='ocr_line' id='line_1_30' title="bbox 64 3383 2105 3479; baseline 0.009 -25"><span class='ocrx_word' id='word_1_378' title='bbox 64 3409 141 3455; x_wconf 92' lang='lat' dir='ltr'>non</span> <span class='ocrx_word' id='word_1_379' title='bbox 157 3385 418 3474; x_wconf 89' lang='lat' dir='ltr'>intelliguntur.</span> <span class='ocrx_word' id='word_1_380' title='bbox 457 3383 534 3455; x_wconf 91' lang='lat' dir='ltr'>lmo</span> <span class='ocrx_word' id='word_1_381' title='bbox 551 3385 707 3478; x_wconf 88' lang='lat' dir='ltr'>prolecto</span> <span class='ocrx_word' id='word_1_382' title='bbox 726 3385 978 3478; x_wconf 90' lang='lat' dir='ltr'>quisnmmam</span> <span class='ocrx_word' id='word_1_383' title='bbox 996 3385 1062 3452; x_wconf 93' lang='lat' dir='ltr'>do·</span> <span class='ocrx_word' id='word_1_384' title='bbox 1110 3407 1192 3454; x_wconf 90' lang='lat' dir='ltr'>nem</span> <span class='ocrx_word' id='word_1_385' title='bbox 1216 3385 1261 3470; x_wconf 83' lang='lat' dir='ltr'>ad</span> <span class='ocrx_word' id='word_1_386' title='bbox 1283 3399 1397 3454; x_wconf 91' lang='lat' dir='ltr'>certos</span> <span class='ocrx_word' id='word_1_387' title='bbox 1421 3384 1499 3456; x_wconf 90' lang='lat' dir='ltr'>eius</span> <span class='ocrx_word' id='word_1_388' title='bbox 1517 3388 1677 3479; x_wconf 88' lang='lat' dir='ltr'>corporis</span> <span class='ocrx_word' id='word_1_389' title='bbox 1700 3391 1813 3463; x_wconf 89' lang='lat' dir='ltr'>locos:</span> <span class='ocrx_word' id='word_1_390' title='bbox 1855 3389 1919 3466; x_wconf 88' lang='lat' dir='ltr'>hos</span> <span class='ocrx_word' id='word_1_391' title='bbox 1942 3421 1984 3468; x_wconf 83' lang='lat' dir='ltr'>er</span> <span class='ocrx_word' id='word_1_392' title='bbox 2011 3402 2105 3472; x_wconf 87' lang='lat' dir='ltr'>veris</span> 
     </span>
     <span class='ocr_line' id='line_1_31' title="bbox 65 3483 2103 3594; baseline 0.007 -36"><span class='ocrx_word' id='word_1_393' title='bbox 65 3488 200 3558; x_wconf 88' lang='lat' dir='ltr'>ctrinae</span> <span class='ocrx_word' id='word_1_394' title='bbox 222 3483 489 3557; x_wconf 87' lang='lat' dir='ltr'>Ecclesiasticae</span> <span class='ocrx_word' id='word_1_395' title='bbox 511 3487 568 3556; x_wconf 89' lang='lat' dir='ltr'>vel</span> <span class='ocrx_word' id='word_1_396' title='bbox 591 3487 817 3558; x_wconf 87' lang='lat' dir='ltr'>mediocriter</span> <span class='ocrx_word' id='word_1_397' title='bbox 831 3486 910 3554; x_wconf 88' lang='lat' dir='ltr'>vult</span> <span class='ocrx_word' id='word_1_398' title='bbox 927 3485 1062 3555; x_wconf 91' lang='lat' dir='ltr'>intelli·</span> <span class='ocrx_word' id='word_1_399' title='bbox 1110 3485 1353 3557; x_wconf 86' lang='lat' dir='ltr'>snndamentis</span> <span class='ocrx_word' id='word_1_400' title='bbox 1375 3501 1530 3560; x_wconf 83' lang='lat' dir='ltr'>exstruat</span> <span class='ocrx_word' id='word_1_401' title='bbox 1545 3503 1580 3558; x_wconf 93' lang='lat' dir='ltr'>et</span> <span class='ocrx_word' id='word_1_402' title='bbox 1603 3489 1767 3568; x_wconf 89' lang='lat' dir='ltr'>illustret.</span> <span class='ocrx_word' id='word_1_403' title='bbox 1818 3493 1915 3568; x_wconf 87' lang='lat' dir='ltr'>Haec</span> <span class='ocrx_word' id='word_1_404' title='bbox 1929 3516 2103 3594; x_wconf 88' lang='lat' dir='ltr'>quantum</span> 
     </span>
     <span class='ocr_line' id='line_1_32' title="bbox 64 3584 2105 3696; baseline 0.007 -36"><span class='ocrx_word' id='word_1_405' title='bbox 64 3613 165 3682; x_wconf 89' lang='lat' dir='ltr'>gere,</span> <span class='ocrx_word' id='word_1_406' title='bbox 190 3584 288 3660; x_wconf 93' lang='lat' dir='ltr'>hunc</span> <span class='ocrx_word' id='word_1_407' title='bbox 303 3613 444 3660; x_wconf 88' lang='lat' dir='ltr'>necesse</span> <span class='ocrx_word' id='word_1_408' title='bbox 462 3601 512 3660; x_wconf 90' lang='lat' dir='ltr'>est</span> <span class='ocrx_word' id='word_1_409' title='bbox 527 3603 645 3660; x_wconf 91' lang='lat' dir='ltr'>mente</span> <span class='ocrx_word' id='word_1_410' title='bbox 660 3589 794 3660; x_wconf 91' lang='lat' dir='ltr'>intueri</span> <span class='ocrx_word' id='word_1_411' title='bbox 808 3601 919 3660; x_wconf 89' lang='lat' dir='ltr'>totam</span> <span class='ocrx_word' id='word_1_412' title='bbox 935 3585 1062 3657; x_wconf 92' lang='lat' dir='ltr'>mnndi</span> <span class='ocrx_word' id='word_1_413' title='bbox 1110 3612 1232 3669; x_wconf 89' lang='lat' dir='ltr'>curae,</span> <span class='ocrx_word' id='word_1_414' title='bbox 1264 3587 1490 3680; x_wconf 85' lang='lat' dir='ltr'>diligentiae,</span> <span class='ocrx_word' id='word_1_415' title='bbox 1523 3593 1751 3696; x_wconf 83' lang='lat' dir='ltr'>prudentiae,</span> <span class='ocrx_word' id='word_1_416' title='bbox 1782 3599 2012 3688; x_wconf 89' lang='lat' dir='ltr'>eruditionis,</span> <span class='ocrx_word' id='word_1_417' title='bbox 2044 3629 2105 3676; x_wconf 91' lang='lat' dir='ltr'>co-</span> 
     </span>
     <span class='ocr_line' id='line_1_33' title="bbox 63 3689 2105 3797; baseline 0.008 -34"><span class='ocrx_word' id='word_1_418' title='bbox 63 3689 270 3778; x_wconf 88' lang='lat' dir='ltr'>historiam,</span> <span class='ocrx_word' id='word_1_419' title='bbox 304 3706 338 3762; x_wconf 94' lang='lat' dir='ltr'>et</span> <span class='ocrx_word' id='word_1_420' title='bbox 360 3695 404 3762; x_wconf 94' lang='lat' dir='ltr'>de</span> <span class='ocrx_word' id='word_1_421' title='bbox 425 3691 588 3762; x_wconf 82' lang='lat' dir='ltr'>maximis</span> <span class='ocrx_word' id='word_1_422' title='bbox 612 3694 717 3763; x_wconf 88' lang='lat' dir='ltr'>rebus</span> <span class='ocrx_word' id='word_1_423' title='bbox 740 3690 965 3762; x_wconf 90' lang='lat' dir='ltr'>considerare</span> <span class='ocrx_word' id='word_1_424' title='bbox 988 3691 1063 3760; x_wconf 90' lang='lat' dir='ltr'>dis-</span> <span class='ocrx_word' id='word_1_425' title='bbox 1110 3690 1189 3784; x_wconf 91' lang='lat' dir='ltr'>piae</span> <span class='ocrx_word' id='word_1_426' title='bbox 1218 3692 1419 3784; x_wconf 87' lang='lat' dir='ltr'>requirant,</span> <span class='ocrx_word' id='word_1_427' title='bbox 1459 3694 1647 3766; x_wconf 90' lang='lat' dir='ltr'>mediocris</span> <span class='ocrx_word' id='word_1_428' title='bbox 1680 3697 1856 3792; x_wconf 88' lang='lat' dir='ltr'>interpres</span> <span class='ocrx_word' id='word_1_429' title='bbox 1884 3707 2105 3797; x_wconf 85' lang='lat' dir='ltr'>experiundo</span> 
     </span>
     <span class='ocr_line' id='line_1_34' title="bbox 64 3789 2105 3893; baseline 0.007 -25"><span class='ocrx_word' id='word_1_430' title='bbox 64 3794 218 3868; x_wconf 90' lang='lat' dir='ltr'>crimina</span> <span class='ocrx_word' id='word_1_431' title='bbox 233 3795 393 3864; x_wconf 88' lang='lat' dir='ltr'>coelestia</span> <span class='ocrx_word' id='word_1_432' title='bbox 409 3795 592 3865; x_wconf 91' lang='lat' dir='ltr'>doctrinae</span> <span class='ocrx_word' id='word_1_433' title='bbox 608 3808 647 3876; x_wconf 68' lang='lat' dir='ltr'>et,</span> <span class='ocrx_word' id='word_1_434' title='bbox 663 3789 902 3864; x_wconf 90' lang='lat' dir='ltr'>humanarum</span> <span class='ocrx_word' id='word_1_435' title='bbox 917 3793 1062 3886; x_wconf 85' lang='lat' dir='ltr'>opinio·</span> <span class='ocrx_word' id='word_1_436' title='bbox 1109 3808 1306 3884; x_wconf 87' lang='lat' dir='ltr'>cognoscet.</span> <span class='ocrx_word' id='word_1_437' title='bbox 1355 3791 1432 3885; x_wconf 91' lang='lat' dir='ltr'>Ego</span> <span class='ocrx_word' id='word_1_438' title='bbox 1452 3795 1489 3864; x_wconf 94' lang='lat' dir='ltr'>in</span> <span class='ocrx_word' id='word_1_439' title='bbox 1508 3791 1564 3866; x_wconf 89' lang='lat' dir='ltr'>his</span> <span class='ocrx_word' id='word_1_440' title='bbox 1577 3801 1723 3890; x_wconf 88' lang='lat' dir='ltr'>pagellis</span> <span class='ocrx_word' id='word_1_441' title='bbox 1744 3803 1933 3893; x_wconf 90' lang='lat' dir='ltr'>brevibus,</span> <span class='ocrx_word' id='word_1_442' title='bbox 1957 3802 2105 3882; x_wconf 87' lang='lat' dir='ltr'>haecne</span> 
     </span>
     <span class='ocr_line' id='line_1_35' title="bbox 64 3893 2104 4000; baseline 0.009 -32"><span class='ocrx_word' id='word_1_443' title='bbox 64 3921 167 3968; x_wconf 89' lang='lat' dir='ltr'>num.</span> <span class='ocrx_word' id='word_1_444' title='bbox 217 3893 334 3968; x_wconf 79' lang='lat' dir='ltr'>Aliter</span> <span class='ocrx_word' id='word_1_445' title='bbox 347 3900 392 3968; x_wconf 89' lang='lat' dir='ltr'>dc</span> <span class='ocrx_word' id='word_1_446' title='bbox 413 3895 639 3968; x_wconf 89' lang='lat' dir='ltr'>invocatione</span> <span class='ocrx_word' id='word_1_447' title='bbox 652 3895 742 3980; x_wconf 90' lang='lat' dir='ltr'>Dei,</span> <span class='ocrx_word' id='word_1_448' title='bbox 768 3899 812 3968; x_wconf 91' lang='lat' dir='ltr'>de</span> <span class='ocrx_word' id='word_1_449' title='bbox 828 3910 991 3989; x_wconf 89' lang='lat' dir='ltr'>peccato,</span> <span class='ocrx_word' id='word_1_450' title='bbox 1018 3897 1063 3966; x_wconf 92' lang='lat' dir='ltr'>de</span> <span class='ocrx_word' id='word_1_451' title='bbox 1109 3897 1211 3990; x_wconf 90' lang='lat' dir='ltr'>potui</span> <span class='ocrx_word' id='word_1_452' title='bbox 1232 3897 1375 3990; x_wconf 87' lang='lat' dir='ltr'>quidem</span> <span class='ocrx_word' id='word_1_453' title='bbox 1400 3898 1554 3984; x_wconf 87' lang='lat' dir='ltr'>efficere,</span> <span class='ocrx_word' id='word_1_454' title='bbox 1586 3902 1646 3972; x_wconf 88' lang='lat' dir='ltr'>sed</span> <span class='ocrx_word' id='word_1_455' title='bbox 1676 3903 1714 3973; x_wconf 90' lang='lat' dir='ltr'>in</span> <span class='ocrx_word' id='word_1_456' title='bbox 1735 3905 1915 4000; x_wconf 89' lang='lat' dir='ltr'>aliquibus</span> <span class='ocrx_word' id='word_1_457' title='bbox 1939 3907 2104 3986; x_wconf 86' lang='lat' dir='ltr'>inchoata</span> 
     </span>
     <span class='ocr_line' id='line_1_36' title="bbox 65 3997 2105 4102; baseline 0.008 -32"><span class='ocrx_word' id='word_1_458' title='bbox 65 3999 376 4084; x_wconf 84' lang='lat' dir='ltr'>reconciliatione,</span> <span class='ocrx_word' id='word_1_459' title='bbox 402 4001 446 4070; x_wconf 92' lang='lat' dir='ltr'>de</span> <span class='ocrx_word' id='word_1_460' title='bbox 462 3999 616 4086; x_wconf 88' lang='lat' dir='ltr'>iustitia,</span> <span class='ocrx_word' id='word_1_461' title='bbox 639 4001 683 4069; x_wconf 92' lang='lat' dir='ltr'>de</span> <span class='ocrx_word' id='word_1_462' title='bbox 703 3999 817 4070; x_wconf 87' lang='lat' dir='ltr'>causis</span> <span class='ocrx_word' id='word_1_463' title='bbox 832 4000 977 4085; x_wconf 91' lang='lat' dir='ltr'>mortis,</span> <span class='ocrx_word' id='word_1_464' title='bbox 999 4000 1063 4068; x_wconf 90' lang='lat' dir='ltr'>de-</span> <span class='ocrx_word' id='word_1_465' title='bbox 1110 4024 1166 4071; x_wconf 89' lang='lat' dir='ltr'>res</span> <span class='ocrx_word' id='word_1_466' title='bbox 1187 4012 1249 4072; x_wconf 88' lang='lat' dir='ltr'>est.</span> <span class='ocrx_word' id='word_1_467' title='bbox 1313 3997 1424 4069; x_wconf 90' lang='lat' dir='ltr'>Multi</span> <span class='ocrx_word' id='word_1_468' title='bbox 1456 4013 1539 4072; x_wconf 87' lang='lat' dir='ltr'>sunt</span> <span class='ocrx_word' id='word_1_469' title='bbox 1567 4017 1684 4074; x_wconf 90' lang='lat' dir='ltr'>autem</span> <span class='ocrx_word' id='word_1_470' title='bbox 1710 4008 1811 4097; x_wconf 90' lang='lat' dir='ltr'>digni</span> <span class='ocrx_word' id='word_1_471' title='bbox 1834 4011 2105 4102; x_wconf 88' lang='lat' dir='ltr'>vituperatione,</span> 
     </span>
     <span class='ocr_line' id='line_1_37' title="bbox 68 4097 2103 4206; baseline 0.009 -36"><span class='ocrx_word' id='word_1_472' title='bbox 68 4101 178 4193; x_wconf 88' lang='lat' dir='ltr'>nique</span> <span class='ocrx_word' id='word_1_473' title='bbox 196 4103 240 4172; x_wconf 90' lang='lat' dir='ltr'>de</span> <span class='ocrx_word' id='word_1_474' title='bbox 263 4102 385 4172; x_wconf 89' lang='lat' dir='ltr'>multis</span> <span class='ocrx_word' id='word_1_475' title='bbox 406 4103 568 4172; x_wconf 84' lang='lat' dir='ltr'>maximis</span> <span class='ocrx_word' id='word_1_476' title='bbox 583 4103 689 4172; x_wconf 88' lang='lat' dir='ltr'>rebus</span> <span class='ocrx_word' id='word_1_477' title='bbox 705 4097 861 4172; x_wconf 90' lang='lat' dir='ltr'>humana</span> <span class='ocrx_word' id='word_1_478' title='bbox 879 4102 970 4172; x_wconf 88' lang='lat' dir='ltr'>ratio</span> <span class='ocrx_word' id='word_1_479' title='bbox 988 4100 1063 4171; x_wconf 92' lang='lat' dir='ltr'>dis-</span> <span class='ocrx_word' id='word_1_480' title='bbox 1110 4115 1246 4172; x_wconf 88' lang='lat' dir='ltr'>veteres</span> <span class='ocrx_word' id='word_1_481' title='bbox 1270 4113 1306 4172; x_wconf 89' lang='lat' dir='ltr'>ct</span> <span class='ocrx_word' id='word_1_482' title='bbox 1334 4115 1509 4188; x_wconf 87' lang='lat' dir='ltr'>recentes,</span> <span class='ocrx_word' id='word_1_483' title='bbox 1543 4106 1606 4197; x_wconf 93' lang='lat' dir='ltr'>qui</span> <span class='ocrx_word' id='word_1_484' title='bbox 1631 4107 1670 4175; x_wconf 93' lang='lat' dir='ltr'>in</span> <span class='ocrx_word' id='word_1_485' title='bbox 1696 4133 1945 4206; x_wconf 90' lang='lat' dir='ltr'>quamcunque</span> <span class='ocrx_word' id='word_1_486' title='bbox 1969 4131 2103 4206; x_wconf 89' lang='lat' dir='ltr'>partem</span> 
     </span>
     <span class='ocr_line' id='line_1_38' title="bbox 72 4200 2104 4318; baseline 0.012 -48"><span class='ocrx_word' id='word_1_487' title='bbox 72 4215 189 4296; x_wconf 83' lang='lat' dir='ltr'>putat3</span> <span class='ocrx_word' id='word_1_488' title='bbox 213 4206 316 4276; x_wconf 88' lang='lat' dir='ltr'>aliter</span> <span class='ocrx_word' id='word_1_489' title='bbox 337 4205 507 4297; x_wconf 90' lang='lat' dir='ltr'>praecipit</span> <span class='ocrx_word' id='word_1_490' title='bbox 529 4205 688 4275; x_wconf 88' lang='lat' dir='ltr'>coelestis</span> <span class='ocrx_word' id='word_1_491' title='bbox 711 4203 886 4280; x_wconf 87' lang='lat' dir='ltr'>doctrina.</span> <span class='ocrx_word' id='word_1_492' title='bbox 937 4200 985 4275; x_wconf 91' lang='lat' dir='ltr'>Et</span> <span class='ocrx_word' id='word_1_493' title='bbox 999 4228 1063 4274; x_wconf 90' lang='lat' dir='ltr'>ne-</span> <span class='ocrx_word' id='word_1_494' title='bbox 1110 4201 1298 4294; x_wconf 89' lang='lat' dir='ltr'>Evangelii</span> <span class='ocrx_word' id='word_1_495' title='bbox 1328 4202 1511 4288; x_wconf 91' lang='lat' dir='ltr'>incidunt,</span> <span class='ocrx_word' id='word_1_496' title='bbox 1543 4209 1717 4299; x_wconf 84' lang='lat' dir='ltr'>quaedam</span> <span class='ocrx_word' id='word_1_497' title='bbox 1747 4213 1905 4302; x_wconf 88' lang='lat' dir='ltr'>vulgaria</span> <span class='ocrx_word' id='word_1_498' title='bbox 1933 4211 2104 4318; x_wconf 72' lang='grc' dir='ltr'>πάρεργα</span> 
     </span>
     <span class='ocr_line' id='line_1_39' title="bbox 70 4300 2104 4401; baseline 0.009 -28"><span class='ocrx_word' id='word_1_499' title='bbox 70 4327 165 4376; x_wconf 85' lang='lat' dir='ltr'>cesse</span> <span class='ocrx_word' id='word_1_500' title='bbox 184 4321 233 4378; x_wconf 86' lang='lat' dir='ltr'>est</span> <span class='ocrx_word' id='word_1_501' title='bbox 255 4320 456 4378; x_wconf 90' lang='lat' dir='ltr'>monstrare</span> <span class='ocrx_word' id='word_1_502' title='bbox 472 4307 698 4391; x_wconf 88' lang='lat' dir='ltr'>discrimina,</span> <span class='ocrx_word' id='word_1_503' title='bbox 721 4321 763 4377; x_wconf 93' lang='lat' dir='ltr'>ut</span> <span class='ocrx_word' id='word_1_504' title='bbox 786 4307 831 4376; x_wconf 86' lang='lat' dir='ltr'>ad</span> <span class='ocrx_word' id='word_1_505' title='bbox 851 4331 974 4376; x_wconf 88' lang='lat' dir='ltr'>vocem</span> <span class='ocrx_word' id='word_1_506' title='bbox 994 4303 1064 4377; x_wconf 91' lang='lat' dir='ltr'>Dei</span> <span class='ocrx_word' id='word_1_507' title='bbox 1111 4308 1255 4390; x_wconf 90' lang='lat' dir='ltr'>dicunt,</span> <span class='ocrx_word' id='word_1_508' title='bbox 1280 4329 1370 4399; x_wconf 91' lang='lat' dir='ltr'>quae</span> <span class='ocrx_word' id='word_1_509' title='bbox 1386 4300 1519 4376; x_wconf 89' lang='lat' dir='ltr'>habent</span> <span class='ocrx_word' id='word_1_510' title='bbox 1534 4307 1572 4378; x_wconf 92' lang='lat' dir='ltr'>in</span> <span class='ocrx_word' id='word_1_511' title='bbox 1590 4325 1745 4401; x_wconf 90' lang='lat' dir='ltr'>promtu.</span> <span class='ocrx_word' id='word_1_512' title='bbox 1795 4311 1850 4386; x_wconf 92' lang='lat' dir='ltr'>De</span> <span class='ocrx_word' id='word_1_513' title='bbox 1868 4312 1924 4388; x_wconf 89' lang='lat' dir='ltr'>his</span> <span class='ocrx_word' id='word_1_514' title='bbox 1939 4319 2024 4390; x_wconf 91' lang='lat' dir='ltr'>dnm</span> <span class='ocrx_word' id='word_1_515' title='bbox 2041 4326 2104 4392; x_wconf 89' lang='lat' dir='ltr'>de-</span> 
     </span>
     <span class='ocr_line' id='line_1_40' title="bbox 67 4407 2105 4514; baseline 0.008 -36"><span class='ocrx_word' id='word_1_516' title='bbox 67 4432 135 4478; x_wconf 87' lang='lat' dir='ltr'>nos</span> <span class='ocrx_word' id='word_1_517' title='bbox 157 4409 361 4502; x_wconf 87' lang='lat' dir='ltr'>alligemus,</span> <span class='ocrx_word' id='word_1_518' title='bbox 387 4433 452 4482; x_wconf 89' lang='lat' dir='ltr'>nec</span> <span class='ocrx_word' id='word_1_519' title='bbox 475 4424 607 4481; x_wconf 88' lang='lat' dir='ltr'>temere</span> <span class='ocrx_word' id='word_1_520' title='bbox 627 4432 797 4498; x_wconf 85' lang='lat' dir='ltr'>vagemur</span> <span class='ocrx_word' id='word_1_521' title='bbox 818 4408 968 4494; x_wconf 91' lang='lat' dir='ltr'>animis,</span> <span class='ocrx_word' id='word_1_522' title='bbox 994 4408 1064 4479; x_wconf 83' lang='lat' dir='ltr'>tin-</span> <span class='ocrx_word' id='word_1_523' title='bbox 1111 4411 1266 4481; x_wconf 89' lang='lat' dir='ltr'>clamant</span> <span class='ocrx_word' id='word_1_524' title='bbox 1280 4407 1412 4489; x_wconf 89' lang='lat' dir='ltr'>otiose,</span> <span class='ocrx_word' id='word_1_525' title='bbox 1435 4431 1538 4500; x_wconf 87' lang='lat' dir='ltr'>saepe</span> <span class='ocrx_word' id='word_1_526' title='bbox 1552 4413 1698 4501; x_wconf 90' lang='lat' dir='ltr'>accidit,</span> <span class='ocrx_word' id='word_1_527' title='bbox 1718 4429 1757 4486; x_wconf 89' lang='lat' dir='ltr'>ut</span> <span class='ocrx_word' id='word_1_528' title='bbox 1772 4419 2005 4491; x_wconf 87' lang='lat' dir='ltr'>animadverti</span> <span class='ocrx_word' id='word_1_529' title='bbox 2024 4448 2105 4514; x_wconf 91' lang='lat' dir='ltr'>pos-</span> 
     </span>
     <span class='ocr_line' id='line_1_41' title="bbox 63 4503 2103 4614; baseline 0.006 -31"><span class='ocrx_word' id='word_1_530' title='bbox 63 4525 203 4603; x_wconf 87' lang='lat' dir='ltr'>gentes,</span> <span class='ocrx_word' id='word_1_531' title='bbox 231 4525 272 4584; x_wconf 90' lang='lat' dir='ltr'>nt</span> <span class='ocrx_word' id='word_1_532' title='bbox 298 4513 430 4584; x_wconf 86' lang='lat' dir='ltr'>multos</span> <span class='ocrx_word' id='word_1_533' title='bbox 454 4512 596 4596; x_wconf 87' lang='lat' dir='ltr'>sodivi,</span> <span class='ocrx_word' id='word_1_534' title='bbox 628 4505 899 4603; x_wconf 75' lang='lat' dir='ltr'>Phttosophicas</span> <span class='ocrx_word' id='word_1_535' title='bbox 919 4511 1064 4602; x_wconf 91' lang='lat' dir='ltr'>religio-</span> <span class='ocrx_word' id='word_1_536' title='bbox 1111 4515 1173 4596; x_wconf 89' lang='lat' dir='ltr'>sit,</span> <span class='ocrx_word' id='word_1_537' title='bbox 1199 4509 1304 4602; x_wconf 73' lang='grc' dir='ltr'><strong><em>ἕτερα</em></strong></span> <span class='ocrx_word' id='word_1_538' title='bbox 1316 4503 1389 4604; x_wconf 70' lang='grc' dir='ltr'>μὲν</span> <span class='ocrx_word' id='word_1_539' title='bbox 1402 4507 1469 4584; x_wconf 78' lang='grc' dir='ltr'>τὸν</span> <span class='ocrx_word' id='word_1_540' title='bbox 1482 4505 1593 4599; x_wconf 78' lang='grc' dir='ltr'><strong><em>πόδα,</em></strong></span> <span class='ocrx_word' id='word_1_541' title='bbox 1620 4511 1782 4612; x_wconf 71' lang='grc' dir='ltr'>ἕτεραδὲ</span> <span class='ocrx_word' id='word_1_542' title='bbox 1798 4515 1865 4594; x_wconf 79' lang='grc' dir='ltr'>τὸν</span> <span class='ocrx_word' id='word_1_543' title='bbox 1880 4519 2103 4614; x_wconf 78' lang='grc' dir='ltr'>ῥυθμὸνλέ-</span> 
     </span>
     <span class='ocr_line' id='line_1_42' title="bbox 63 4611 2104 4716; baseline 0.007 -32"><span class='ocrx_word' id='word_1_544' title='bbox 63 4639 141 4688; x_wconf 84' lang='lat' dir='ltr'>nea.</span> <span class='ocrx_word' id='word_1_545' title='bbox 201 4612 352 4708; x_wconf 76' lang='lat' dir='ltr'>Aliquid</span> <span class='ocrx_word' id='word_1_546' title='bbox 377 4615 488 4706; x_wconf 88' lang='lat' dir='ltr'>igitur</span> <span class='ocrx_word' id='word_1_547' title='bbox 508 4614 733 4686; x_wconf 76' lang='lat' dir='ltr'>familiariter</span> <span class='ocrx_word' id='word_1_548' title='bbox 753 4613 906 4686; x_wconf 89' lang='lat' dir='ltr'>disserui</span> <span class='ocrx_word' id='word_1_549' title='bbox 921 4615 966 4684; x_wconf 92' lang='lat' dir='ltr'>de</span> <span class='ocrx_word' id='word_1_550' title='bbox 986 4614 1065 4708; x_wconf 84' lang='lat' dir='ltr'>ple·</span> <span class='ocrx_word' id='word_1_551' title='bbox 1110 4639 1202 4716; x_wconf 74' lang='lat' dir='ltr'>yser.</span> <span class='ocrx_word' id='word_1_552' title='bbox 1262 4611 1310 4684; x_wconf 92' lang='lat' dir='ltr'>Ut</span> <span class='ocrx_word' id='word_1_553' title='bbox 1330 4627 1448 4684; x_wconf 90' lang='lat' dir='ltr'>autern</span> <span class='ocrx_word' id='word_1_554' title='bbox 1471 4611 1647 4688; x_wconf 82' lang='lat' dir='ltr'>Anchises</span> <span class='ocrx_word' id='word_1_555' title='bbox 1669 4621 1776 4706; x_wconf 91' lang='lat' dir='ltr'>dicit,</span> <span class='ocrx_word' id='word_1_556' title='bbox 1801 4623 1914 4692; x_wconf 71' lang='lat' dir='ltr'>melos</span> <span class='ocrx_word' id='word_1_557' title='bbox 1936 4626 2008 4694; x_wconf 80' lang='lat' dir='ltr'>csse</span> <span class='ocrx_word' id='word_1_558' title='bbox 2029 4627 2104 4698; x_wconf 87' lang='lat' dir='ltr'>dis-</span> 
     </span>
     <span class='ocr_line' id='line_1_43' title="bbox 64 4716 2115 4816; baseline 0.006 -28"><span class='ocrx_word' id='word_1_559' title='bbox 64 4717 189 4814; x_wconf 91' lang='lat' dir='ltr'>risque</span> <span class='ocrx_word' id='word_1_560' title='bbox 212 4718 321 4804; x_wconf 89' lang='lat' dir='ltr'>locis,</span> <span class='ocrx_word' id='word_1_561' title='bbox 358 4719 403 4788; x_wconf 93' lang='lat' dir='ltr'>de</span> <span class='ocrx_word' id='word_1_562' title='bbox 426 4719 558 4814; x_wconf 86' lang='lat' dir='ltr'>quibus</span> <span class='ocrx_word' id='word_1_563' title='bbox 579 4729 683 4793; x_wconf 79' lang='lat' dir='ltr'>antea</span> <span class='ocrx_word' id='word_1_564' title='bbox 702 4741 821 4789; x_wconf 88' lang='lat' dir='ltr'>meum</span> <span class='ocrx_word' id='word_1_565' title='bbox 850 4729 944 4788; x_wconf 81' lang='lat' dir='ltr'>extat</span> <span class='ocrx_word' id='word_1_566' title='bbox 966 4717 1065 4790; x_wconf 91' lang='lat' dir='ltr'>iudi·</span> <span class='ocrx_word' id='word_1_567' title='bbox 1110 4716 1242 4788; x_wconf 88' lang='lat' dir='ltr'>sentire</span> <span class='ocrx_word' id='word_1_568' title='bbox 1262 4717 1413 4786; x_wconf 87' lang='lat' dir='ltr'>oratoris</span> <span class='ocrx_word' id='word_1_569' title='bbox 1434 4741 1555 4788; x_wconf 91' lang='lat' dir='ltr'>vocem</span> <span class='ocrx_word' id='word_1_570' title='bbox 1578 4719 1673 4813; x_wconf 86' lang='lat' dir='ltr'>lege,</span> <span class='ocrx_word' id='word_1_571' title='bbox 1701 4723 1748 4793; x_wconf 91' lang='lat' dir='ltr'>ita</span> <span class='ocrx_word' id='word_1_572' title='bbox 1772 4725 1886 4794; x_wconf 89' lang='lat' dir='ltr'>multo</span> <span class='ocrx_word' id='word_1_573' title='bbox 1900 4727 2010 4816; x_wconf 88' lang='lat' dir='ltr'>magis</span> <span class='ocrx_word' id='word_1_574' title='bbox 2029 4733 2115 4801; x_wconf 83' lang='lat' dir='ltr'>see-&#39;</span> 
     </span>
     <span class='ocr_line' id='line_1_44' title="bbox 64 4816 2103 4922; baseline 0.006 -30"><span class='ocrx_word' id='word_1_575' title='bbox 64 4821 174 4892; x_wconf 84' lang='lat' dir='ltr'>cium.</span> <span class='ocrx_word' id='word_1_576' title='bbox 223 4817 298 4890; x_wconf 87' lang='lat' dir='ltr'>Nec</span> <span class='ocrx_word' id='word_1_577' title='bbox 321 4819 520 4893; x_wconf 81' lang='lat' dir='ltr'>existimavi</span> <span class='ocrx_word' id='word_1_578' title='bbox 541 4820 722 4903; x_wconf 83' lang='lat' dir='ltr'>loturum,</span> <span class='ocrx_word' id='word_1_579' title='bbox 746 4835 787 4894; x_wconf 91' lang='lat' dir='ltr'>ut</span> <span class='ocrx_word' id='word_1_580' title='bbox 809 4816 1064 4892; x_wconf 89' lang='lat' dir='ltr'>hosdomcsti·</span> <span class='ocrx_word' id='word_1_581' title='bbox 1111 4822 1167 4892; x_wconf 91' lang='lat' dir='ltr'>lus</span> <span class='ocrx_word' id='word_1_582' title='bbox 1198 4833 1268 4902; x_wconf 88' lang='lat' dir='ltr'>est,</span> <span class='ocrx_word' id='word_1_583' title='bbox 1301 4819 1506 4912; x_wconf 87' lang='lat' dir='ltr'>interpretis</span> <span class='ocrx_word' id='word_1_584' title='bbox 1539 4821 1577 4890; x_wconf 93' lang='lat' dir='ltr'>in</span> <span class='ocrx_word' id='word_1_585' title='bbox 1607 4819 1764 4893; x_wconf 87' lang='lat' dir='ltr'>Ecclesia</span> <span class='ocrx_word' id='word_1_586' title='bbox 1791 4851 1913 4896; x_wconf 91' lang='lat' dir='ltr'>vocem</span> <span class='ocrx_word' id='word_1_587' title='bbox 1945 4853 2103 4922; x_wconf 87' lang='lat' dir='ltr'>pugnare</span> 
     </span>
     <span class='ocr_line' id='line_1_45' title="bbox 64 4919 2104 5019; baseline 0.006 -25"><span class='ocrx_word' id='word_1_588' title='bbox 64 4947 127 4994; x_wconf 91' lang='lat' dir='ltr'>cos</span> <span class='ocrx_word' id='word_1_589' title='bbox 149 4945 349 5010; x_wconf 89' lang='lat' dir='ltr'>sermones,</span> <span class='ocrx_word' id='word_1_590' title='bbox 382 4947 472 5018; x_wconf 85' lang='lat' dir='ltr'>quos</span> <span class='ocrx_word' id='word_1_591' title='bbox 500 4923 576 5016; x_wconf 89' lang='lat' dir='ltr'>ipse</span> <span class='ocrx_word' id='word_1_592' title='bbox 602 4945 676 4994; x_wconf 91' lang='lat' dir='ltr'>non</span> <span class='ocrx_word' id='word_1_593' title='bbox 706 4923 933 5015; x_wconf 88' lang='lat' dir='ltr'>scripseram,</span> <span class='ocrx_word' id='word_1_594' title='bbox 964 4924 1063 5018; x_wconf 90' lang='lat' dir='ltr'>quis-</span> <span class='ocrx_word' id='word_1_595' title='bbox 1111 4947 1192 4996; x_wconf 89' lang='lat' dir='ltr'>cum</span> <span class='ocrx_word' id='word_1_596' title='bbox 1208 4919 1416 5012; x_wconf 87' lang='lat' dir='ltr'>Evangelio.</span> <span class='ocrx_word' id='word_1_597' title='bbox 1470 4921 1689 4996; x_wconf 82' lang='lat' dir='ltr'>Aonitamuc</span> <span class='ocrx_word' id='word_1_598' title='bbox 1709 4926 1836 5017; x_wconf 88' lang='lat' dir='ltr'>igitur,</span> <span class='ocrx_word' id='word_1_599' title='bbox 1861 4943 1900 5000; x_wconf 93' lang='lat' dir='ltr'>ut</span> <span class='ocrx_word' id='word_1_600' title='bbox 1917 4955 2020 5019; x_wconf 86' lang='lat' dir='ltr'>vera,</span> <span class='ocrx_word' id='word_1_601' title='bbox 2048 4960 2104 5006; x_wconf 91' lang='lat' dir='ltr'>re-</span> 
     </span>
     <span class='ocr_line' id='line_1_46' title="bbox 64 5023 2104 5122; baseline 0.007 -28"><span class='ocrx_word' id='word_1_602' title='bbox 64 5049 177 5120; x_wconf 89' lang='lat' dir='ltr'>quam</span> <span class='ocrx_word' id='word_1_603' title='bbox 196 5025 349 5100; x_wconf 83' lang='lat' dir='ltr'>efferret.</span> <span class='ocrx_word' id='word_1_604' title='bbox 407 5023 635 5121; x_wconf 87' lang='lat' dir='ltr'>Quamquam</span> <span class='ocrx_word' id='word_1_605' title='bbox 656 5039 774 5096; x_wconf 89' lang='lat' dir='ltr'>autem</span> <span class='ocrx_word' id='word_1_606' title='bbox 793 5049 940 5118; x_wconf 88' lang='lat' dir='ltr'>prorsus</span> <span class='ocrx_word' id='word_1_607' title='bbox 959 5041 1063 5118; x_wconf 87' lang='lat' dir='ltr'>opta-</span> <span class='ocrx_word' id='word_1_608' title='bbox 1110 5041 1185 5111; x_wconf 87' lang='lat' dir='ltr'>cta,</span> <span class='ocrx_word' id='word_1_609' title='bbox 1210 5040 1291 5097; x_wconf 90' lang='lat' dir='ltr'>nata</span> <span class='ocrx_word' id='word_1_610' title='bbox 1315 5025 1354 5094; x_wconf 93' lang='lat' dir='ltr'>io</span> <span class='ocrx_word' id='word_1_611' title='bbox 1376 5024 1460 5118; x_wconf 85' lang='lat' dir='ltr'>ipsis</span> <span class='ocrx_word' id='word_1_612' title='bbox 1483 5025 1665 5114; x_wconf 83' lang='lat' dir='ltr'>fontibus,</span> <span class='ocrx_word' id='word_1_613' title='bbox 1687 5041 1722 5099; x_wconf 89' lang='lat' dir='ltr'>et</span> <span class='ocrx_word' id='word_1_614' title='bbox 1741 5029 1909 5102; x_wconf 87' lang='lat' dir='ltr'>salutaria</span> <span class='ocrx_word' id='word_1_615' title='bbox 1932 5033 2104 5122; x_wconf 87' lang='lat' dir='ltr'>dicamus,</span> 
     </span>
     <span class='ocr_line' id='line_1_47' title="bbox 64 5127 2103 5225; baseline 0.007 -27"><span class='ocrx_word' id='word_1_616' title='bbox 64 5127 137 5198; x_wconf 90' lang='lat' dir='ltr'>rim</span> <span class='ocrx_word' id='word_1_617' title='bbox 165 5151 241 5198; x_wconf 92' lang='lat' dir='ltr'>non</span> <span class='ocrx_word' id='word_1_618' title='bbox 271 5149 346 5198; x_wconf 86' lang='lat' dir='ltr'>esse</span> <span class='ocrx_word' id='word_1_619' title='bbox 369 5128 502 5219; x_wconf 87' lang='lat' dir='ltr'>editos,</span> <span class='ocrx_word' id='word_1_620' title='bbox 535 5141 653 5200; x_wconf 69' lang='lat' dir='ltr'>umen</span> <span class='ocrx_word' id='word_1_621' title='bbox 677 5129 796 5197; x_wconf 89' lang='lat' dir='ltr'>minua</span> <span class='ocrx_word' id='word_1_622' title='bbox 819 5151 1061 5200; x_wconf 90' lang='lat' dir='ltr'>succenserem</span> <span class='ocrx_word' id='word_1_623' title='bbox 1110 5129 1203 5202; x_wconf 90' lang='lat' dir='ltr'>etin</span> <span class='ocrx_word' id='word_1_624' title='bbox 1225 5127 1344 5199; x_wconf 86' lang='lat' dir='ltr'>verbis</span> <span class='ocrx_word' id='word_1_625' title='bbox 1365 5127 1617 5220; x_wconf 88' lang='lat' dir='ltr'>proprietatem</span> <span class='ocrx_word' id='word_1_626' title='bbox 1643 5131 1808 5202; x_wconf 88' lang='lat' dir='ltr'>usitatam</span> <span class='ocrx_word' id='word_1_627' title='bbox 1831 5129 2034 5225; x_wconf 83' lang='lat' dir='ltr'>Apostolis,</span> <span class='ocrx_word' id='word_1_628' title='bbox 2069 5155 2103 5212; x_wconf 91' lang='lat' dir='ltr'>et</span> 
     </span>
     <span class='ocr_line' id='line_1_48' title="bbox 65 5224 2099 5333; baseline 0.006 -33"><span class='ocrx_word' id='word_1_629' title='bbox 65 5229 132 5316; x_wconf 90' lang='lat' dir='ltr'>iis,</span> <span class='ocrx_word' id='word_1_630' title='bbox 154 5230 218 5325; x_wconf 89' lang='lat' dir='ltr'>qui</span> <span class='ocrx_word' id='word_1_631' title='bbox 234 5253 397 5322; x_wconf 86' lang='lat' dir='ltr'>spargere</span> <span class='ocrx_word' id='word_1_632' title='bbox 408 5245 619 5324; x_wconf 88' lang='lat' dir='ltr'>coeperunt,</span> <span class='ocrx_word' id='word_1_633' title='bbox 644 5230 675 5300; x_wconf 91' lang='lat' dir='ltr'>ai</span> <span class='ocrx_word' id='word_1_634' title='bbox 697 5224 789 5300; x_wconf 88' lang='lat' dir='ltr'>mihi</span> <span class='ocrx_word' id='word_1_635' title='bbox 809 5231 1062 5302; x_wconf 83' lang='lat' dir='ltr'>concessissent</span> <span class='ocrx_word' id='word_1_636' title='bbox 1082 5314 1085 5333; x_wconf 34' lang='grc' dir='ltr'>ι</span> <span class='ocrx_word' id='word_1_637' title='bbox 1109 5233 1147 5302; x_wconf 94' lang='lat' dir='ltr'>in</span> <span class='ocrx_word' id='word_1_638' title='bbox 1183 5231 1394 5323; x_wconf 84' lang='lat' dir='ltr'>exponendo</span> <span class='ocrx_word' id='word_1_639' title='bbox 1430 5229 1595 5299; x_wconf 88' lang='lat' dir='ltr'>ordinem</span> <span class='ocrx_word' id='word_1_640' title='bbox 1638 5233 1812 5304; x_wconf 84' lang='lat' dir='ltr'>artificum</span> <span class='ocrx_word' id='word_1_641' title='bbox 1848 5230 2099 5312; x_wconf 86' lang='lat' dir='ltr'>adhibeamus!</span> 
     </span>
     <span class='ocr_line' id='line_1_49' title="bbox 64 5331 2101 5427; baseline 0.005 -23"><span class='ocrx_word' id='word_1_642' title='bbox 64 5333 283 5404; x_wconf 88' lang='lat' dir='ltr'>emendandi</span> <span class='ocrx_word' id='word_1_643' title='bbox 298 5333 469 5424; x_wconf 86' lang='lat' dir='ltr'>spatium,</span> <span class='ocrx_word' id='word_1_644' title='bbox 493 5346 556 5405; x_wconf 88' lang='lat' dir='ltr'>aut</span> <span class='ocrx_word' id='word_1_645' title='bbox 570 5335 599 5403; x_wconf 86' lang='lat' dir='ltr'>si</span> <span class='ocrx_word' id='word_1_646' title='bbox 616 5333 685 5427; x_wconf 89' lang='lat' dir='ltr'>ipsi</span> <span class='ocrx_word' id='word_1_647' title='bbox 699 5331 856 5403; x_wconf 88' lang='lat' dir='ltr'>severius</span> <span class='ocrx_word' id='word_1_648' title='bbox 873 5335 1061 5403; x_wconf 89' lang='lat' dir='ltr'>emendas-</span> <span class='ocrx_word' id='word_1_649' title='bbox 1082 5364 1084 5373; x_wconf 93' lang='lat'>·</span> <span class='ocrx_word' id='word_1_650' title='bbox 1108 5332 1248 5424; x_wconf 86' lang='lat' dir='ltr'>Quodsi</span> <span class='ocrx_word' id='word_1_651' title='bbox 1281 5333 1467 5416; x_wconf 81' lang='lat' dir='ltr'>iaciemus,</span> <span class='ocrx_word' id='word_1_652' title='bbox 1499 5355 1618 5403; x_wconf 88' lang='lat' dir='ltr'>rerum</span> <span class='ocrx_word' id='word_1_653' title='bbox 1645 5359 1838 5406; x_wconf 86' lang='lat' dir='ltr'>consensus</span> <span class='ocrx_word' id='word_1_654' title='bbox 1862 5333 2101 5416; x_wconf 86' lang='lat' dir='ltr'>Ecclesiarum</span> 
     </span>
     <span class='ocr_line' id='line_1_50' title="bbox 63 5429 2102 5531; baseline 0.005 -25"><span class='ocrx_word' id='word_1_655' title='bbox 63 5449 145 5506; x_wconf 89' lang='lat' dir='ltr'>sent</span> <span class='ocrx_word' id='word_1_656' title='bbox 160 5429 225 5506; x_wconf 90' lang='lat' dir='ltr'>has</span> <span class='ocrx_word' id='word_1_657' title='bbox 238 5437 468 5506; x_wconf 78' lang='lat' dir='ltr'>confusaneas</span> <span class='ocrx_word' id='word_1_658' title='bbox 482 5436 743 5512; x_wconf 82' lang='lat' dir='ltr'>conciunculas.</span> <span class='ocrx_word' id='word_1_659' title='bbox 768 5433 873 5507; x_wconf 88' lang='lat' dir='ltr'>Nunc</span> <span class='ocrx_word' id='word_1_660' title='bbox 887 5431 957 5507; x_wconf 90' lang='lat' dir='ltr'>hoc</span> <span class='ocrx_word' id='word_1_661' title='bbox 969 5429 1059 5506; x_wconf 91' lang='lat' dir='ltr'>mihi</span> <span class='ocrx_word' id='word_1_662' title='bbox 1106 5436 1334 5509; x_wconf 88' lang='lat' dir='ltr'>concordiam</span> <span class='ocrx_word' id='word_1_663' title='bbox 1351 5433 1529 5507; x_wconf 86' lang='lat' dir='ltr'>retinebit.</span> <span class='ocrx_word' id='word_1_664' title='bbox 1589 5431 1678 5506; x_wconf 87' lang='lat' dir='ltr'>Nam</span> <span class='ocrx_word' id='word_1_665' title='bbox 1697 5437 1768 5531; x_wconf 89' lang='lat' dir='ltr'>piis</span> <span class='ocrx_word' id='word_1_666' title='bbox 1788 5441 1989 5531; x_wconf 87' lang='lat' dir='ltr'>pastoribus</span> <span class='ocrx_word' id='word_1_667' title='bbox 2003 5458 2102 5516; x_wconf 89' lang='lat' dir='ltr'>utra-</span> 
     </span>
    </p>
   </div>
   <div class='ocr_carea' id='block_1_7' title="bbox 64 5537 2101 5716">
    <p class='ocr_par' dir='ltr' id='par_1_9' title="bbox 64 5537 2101 5716">
     <span class='ocr_line' id='line_1_51' title="bbox 64 5537 2101 5636; baseline 0.004 -26"><span class='ocrx_word' id='word_1_668' title='bbox 64 5553 208 5610; x_wconf 87' lang='lat' dir='ltr'>tantum</span> <span class='ocrx_word' id='word_1_669' title='bbox 223 5537 388 5609; x_wconf 88' lang='lat' dir='ltr'>relictum</span> <span class='ocrx_word' id='word_1_670' title='bbox 407 5551 479 5624; x_wconf 89' lang='lat' dir='ltr'>est,</span> <span class='ocrx_word' id='word_1_671' title='bbox 500 5550 542 5612; x_wconf 88' lang='lat' dir='ltr'>ut</span> <span class='ocrx_word' id='word_1_672' title='bbox 566 5539 703 5610; x_wconf 86' lang='lat' dir='ltr'>alienae</span> <span class='ocrx_word' id='word_1_673' title='bbox 724 5538 895 5612; x_wconf 86' lang='lat' dir='ltr'>stultitiae</span> <span class='ocrx_word' id='word_1_674' title='bbox 914 5538 1058 5610; x_wconf 85' lang='lat' dir='ltr'>veniam</span> <span class='ocrx_word' id='word_1_675' title='bbox 1107 5564 1176 5636; x_wconf 90' lang='lat' dir='ltr'>que</span> <span class='ocrx_word' id='word_1_676' title='bbox 1194 5561 1368 5610; x_wconf 89' lang='lat' dir='ltr'>rescurae</span> <span class='ocrx_word' id='word_1_677' title='bbox 1382 5559 1456 5608; x_wconf 86' lang='lat' dir='ltr'>esse</span> <span class='ocrx_word' id='word_1_678' title='bbox 1471 5538 1592 5624; x_wconf 89' lang='lat' dir='ltr'>debet;</span> <span class='ocrx_word' id='word_1_679' title='bbox 1619 5537 1774 5630; x_wconf 88' lang='lat' dir='ltr'>primum</span> <span class='ocrx_word' id='word_1_680' title='bbox 1788 5543 1956 5630; x_wconf 87' lang='lat' dir='ltr'>veritatis,</span> <span class='ocrx_word' id='word_1_681' title='bbox 1970 5547 2101 5619; x_wconf 90' lang='lat' dir='ltr'>deinde</span> 
     </span>
     <span class='ocr_line' id='line_1_52' title="bbox 118 5637 1346 5716; baseline 0.001 -6"><span class='ocrx_word' id='word_1_682' title='bbox 118 5643 301 5710; x_wconf 71' lang='grc' dir='ltr'>Μιιιιτι.</span> <span class='ocrx_word' id='word_1_683' title='bbox 329 5643 435 5716; x_wconf 85' lang='lat' dir='ltr'>Orsa.</span> <span class='ocrx_word' id='word_1_684' title='bbox 486 5643 571 5712; x_wconf 73' lang='lat' dir='ltr'>vor.</span> <span class='ocrx_word' id='word_1_685' title='bbox 597 5643 642 5714; x_wconf 83' lang='lat' dir='ltr'>V.</span> <span class='ocrx_word' id='word_1_686' title='bbox 674 5687 680 5700; x_wconf 77' lang='lat'><strong>·</strong></span> <span class='ocrx_word' id='word_1_687' title='bbox 1295 5637 1346 5712; x_wconf 74' lang='grc'>86</span> 
     </span>
    </p>
   </div>
   <div class='ocr_carea' id='block_1_8' title="bbox 0 0 2397 6260">
    <p class='ocr_par' dir='ltr' id='par_1_10' title="bbox 0 0 2397 6260">
     <span class='ocr_line' id='line_1_53' title="bbox 0 0 2397 6260; baseline 0 0"><span class='ocrx_word' id='word_1_688' title='bbox 0 0 2397 6260; x_wconf 95' lang='lat' dir='ltr'> </span> 
     </span>
    </p>
   </div>
  </div>
 </body>
</html>
