4890 6250
45 395 47 410 ὗ
133 315 204 394 tot
709 311 1150 428 uetsrotuttuu
1199 323 1410 410 urunt.
1463 329 1598 420 164³.
2103 361 2178 438 1⁰2

135 472 478 566 WroCInre'ssimo
501 479 537 558 d.
560 479 878 577 tuscolanus,
902 485 1134 588 Theologine
1279 497 1336 572 De
1378 497 1590 580 Iuliocenss‘
1625 513 1819 615 negotio')
1868 541 2055 616 sperantur
2100 535 2176 612 tue

130 583 309 670 Doctori,
359 587 572 706 prosperita
601 585 842 688 Weltcberg„
890 591 1136 688 gubernatori
1180 603 1455 694 pacificationes,
1493 612 1577 704 quia
1600 614 1671 686 iam
1697 620 1797 692 datae
1819 641 1902 712 sunt
1924 628 2087 706 induciae
2140 655 2175 716 et

133 687 327 776 Ecclesiae
349 715 391 760 en
403 687 556 762 Selenes
575 699 736 786 patrono
756 717 825 766 suo
841 704 874 766 et
890 694 1009 767 amieo
1021 721 1133 794 proe-
1178 700 1333 775 instituti
1358 721 1541 793 tractatus,
1576 727 1611 785 et
1632 717 1708 789 dati
1731 721 1881 796 obsides.
1940 729 2036 804 Deus
2059 691 2174 827 saliat,

307 869 314 876 ¹
447 790 548 885 cipue
566 785 810 876 observando,
1177 819 1218 876 nt
1240 805 1368 876 sedatis
1389 803 1445 880 his
1467 815 1622 885 motibus
1643 819 1762 915 aliqua
1784 831 2022 922 tranquillitas
2047 861 2173 912 couce-

135 891 175 982 S·
202 909 247 984 D.
297 909 506 985 Collocutus
522 937 599 986 sum
618 939 698 986 cum
716 915 799 1002 illo,
824 917 887 1011 qui
903 920 1043 1010 petebat
1055 918 1129 991 Da·
1178 905 1497 983 damstoelflslss‘l
1514 918 1742 1008 leipuffllfflss·
1792 917 1890 999 Bene
1907 933 1984 1004 vale
2000 961 2079 1006 cum
2100 943 2172 1014 tuis

138 1015 285 1101 nielem,
308 1015 353 1084 de
372 1039 443 1107 qno
462 1039 580 1086 eorem
596 1016 662 1086 tibi
678 1019 765 1093 dixi.
817 1016 910 1090 lead
932 1035 965 1090 te
989 1021 1063 1114 ipse
1082 1023 1128 1092 li.
1176 1009 1352 1084 omnibus.
1378 1008 1569 1086 Doctorem
1581 1007 1804 1098 Cuiusnam
1821 1047 2033 1123 compatrem
2049 1065 2169 1114 meum

143 1127 234 1186 teras
250 1117 357 1201 dedit,
391 1141 479 1210 quas
501 1113 596 1188 hisce
612 1116 757 1207 inclusi.
809 1118 919 1190 Vides
936 1121 1128 1218 eleemosy-
1175 1131 1304 1200 quaeso
1318 1113 1406 1182 meis
1420 1117 1539 1188 verbis
1553 1138 1712 1196 amanter
1725 1128 1866 1206 salutes.
1909 1133 2170 1234 Wittebergae,

146 1239 225 1285 nam
246 1217 318 1309 peti.
334 1216 380 1288 ab
403 1213 547 1290 homine
570 1242 725 1316 paupere
749 1233 782 1292 et
800 1220 871 1292 iam
889 1244 983 1296 sene.
1034 1221 1125 1296 Nam
1174 1209 1508 1288 d⁰¹¹¹5¹¹i⁰³E¹2⁰di
1526 1217 1637 1298 1545.

142 1317 216 1408 ipse
234 1333 272 1388 nt
289 1340 355 1390 sun
379 1334 523 1411 sumptu
547 1325 695 1393 excudat
715 1335 776 1392 aut
800 1324 924 1394 excudi
945 1339 1044 1396 curet
1067 1351 1126 1394 ex-

36 1437 37 1444 ’
137 1419 286 1510 emplar,
333 1445 408 1491 non
444 1436 498 1492 eet
528 1423 695 1508 facultas,
740 1447 821 1492 cum
854 1425 928 1516 ipse
965 1428 1125 1497 mercede

133 1543 275 1610 operam
294 1521 386 1591 locet
403 1517 643 1617 typographis.
695 1521 814 1610 Quare
834 1526 934 1595 siilli
950 1529 1125 1616 gratifica-
1177 1547 2167 1596 Ἢ

131 1621 227 1691 beris
248 1634 289 1691 ut
310 1623 465 1716 aliquam
482 1639 619 1717 partem
635 1623 719 1693 libri
737 1628 932 1696 excudendi
948 1651 1007 1698 seu
1026 1630 1124 1719 pagi·
1170 1677 1203 1750 N
1251 1677 1352 1754 2695

130 1748 195 1794 nas
212 1723 350 1818 aliquot
366 1728 493 1806 dones,
518 1738 560 1795 nt
575 1727 620 1794 de
634 1726 774 1818 reliquo
788 1727 854 1798 tihi
868 1729 983 1799 solvat
997 1725 1123 1800 Man·
1177 1706 1363 1808 κε’-..ω’
2032 1719 2065 1780 ⁷·
2082 1713 2166 1780 Μ’ἥ·

129 1823 262 1909 ricius,
286 1849 454 1915 magnum
470 1827 526 1897 illi
542 1827 751 1898 heneficium
766 1831 969 1919 praestabis.
1396 1819 1401 1828 ’
1481 1915 1484 1923 ,
1497 1868 1540 1954 P
1570 1874 1675 1962 Med
2026 1807 2164 1836 Μ

229 1925 284 1996 De
297 1928 446 2012 fabulis,
478 1952 565 2021 quas
579 1927 736 1999 scribiea
752 1931 955 2024 nescioquo
972 1933 1057 2023 fingi
1076 1935 1123 2002 «le
1535 1936 1547 1960 ⁰
1674 1909 1846 1969 mamm·

129 2043 181 2114 te,
207 2019 373 2122 equidem
387 2025 482 2098 nihil
496 2031 637 2116 audivi,
668 2029 739 2100 nisi
760 2033 855 2124 quod
874 2056 990 2124 nuper
1005 2035 1123 2104 nescio
1240 2037 1317 2094 Falla
1329 2060 1344 2096 a
1358 2040 1512 2106 Galenus
1525 2047 1553 2103 in
1568 2049 1654 2124 Epist.
1667 2057 1767 2112 eteros.
1782 2059 1866 2118 viror.
1879 2081 1921 2134 ep.
1935 2063 1978 2121 28.
1993 2085 2018 2140 p.
2031 2069 2075 2127 7³.

129 2131 194 2225 qni
211 2126 385 2221 hospites,
417 2125 669 2202 hominesnou
686 2132 773 2200 mali
797 2145 831 2203 et
851 2134 896 2203 de
917 2146 952 2203 te
975 2130 1125 2205 honori·
1310 2195 1318 2212 .
1398 2197 1405 2216 ,
1834 2215 1843 2234 ⁶
2010 2131 2014 2140 ’

129 2233 195 2302 lice
208 2231 420 2318 sentientes,
452 2233 490 2301 in
507 2232 641 2326 nuptiis
657 2233 747 2303 sorte
764 2245 798 2303 et
812 2257 876 2326 per
889 2233 1006 2305 iocum
1026 2237 1124 2306 dice-
1170 2189 1340 2290 Effnem
1368 2209 1515 2284 W'uu’
1543 2199 1628 2295 μ’
1662 2218 1694 2281 α
1722 2208 2086 2338 dmi'mastm‘dim
2112 2225 2165 2306 D·

128 2336 237 2412 bant,
278 2355 314 2402 se
344 2335 462 2403 nescio
491 2334 577 2428 quid
610 2333 717 2405 istinc
747 2335 943 2422 audivisse,
981 2363 1061 2407 cum
1086 2339 1124 2407 id
1169 2289 1305 2366 Pam
1322 2293 1632 2426 ,Mfflmnwt
1655 2303 1855 2427 ,Cd‘m'a‘e
1878 2345 1930 2438 „f”
1947 2321 2056 2398 d⁰m⁰
2070 2326 2166 2404 3¹1¹!-

129 2435 226 2528 quod
253 2449 408 2505 reserat
436 2437 651 2526 negabamus
681 2435 786 2505 nobis
813 2437 1008 2531 quidquam
1037 2463 1125 2509 eon·
1255 2406 1376 2476 mm·
1392 2397 1506 2480 Dm·
1521 2398 1679 2482 C⁰m⁸¹¹⁸
1694 2409 1897 2514 Smbub'l'
1911 2421 2079 2512 Dfflmb

131 2552 242 2618 stare,
275 2559 341 2606 nec
362 2538 424 2606 abs
447 2551 481 2607 te
503 2538 570 2606 tale
588 2536 963 2637 aliquidintellexisse.
1015 2538 1123 2610 Prae-
1170 2509 1214 2600 S·
1240 2529 1303 2638 l).¹
1335 2531 1384 2608 Et
1404 2533 1640 2635 Agrippinam
1663 2561 1813 2619 vestram
1836 2554 1957 2629 videre
1972 2559 2164 2662 Iiierouy-

130 2655 224 2710 terea
240 2659 305 2730 ego
319 2638 461 2730 quidem
477 2661 652 2732 nusquam
669 2637 864 2734 quidquam
881 2640 1125 2734 taliumtahu.
1170 2657 1253 2703 mus
1274 2638 1429 2736 noster¹)
1450 2653 1485 2711 et
1503 2643 1656 2716 salutare
1680 2671 1799 2720 senem
1817 2657 1991 2745 optimum
2007 2658 2051 2736 D.
2068 2657 2164 2738 Cuc-

131 2743 248 2812 larum
268 2740 402 2814 audivi.
452 2738 492 2810 si
514 2741 561 2810 ita
582 2737 680 2812 Deus
700 2740 858 2826 dederit,
887 2755 928 2812 ut
948 2741 1015 2811 tibi
1038 2766 1124 2812 con·
1168 2733 1313 2806 sarium
1337 2739 1470 2825 voluit,
1510 2768 1619 2837 quere
1650 2748 1741 2822 istuc
1769 2757 1937 2846 expatiari
1969 2767 2163 2844 constituit.

131 2843 245 2931 tingat
270 2841 339 2911 alia
359 2841 640 2928 materfamilias,
678 2842 765 2934 quid
793 2841 863 2910 nisi
889 2842 1126 2934 precabimur,
1169 2833 1225 2907 Eo
1241 2843 1562 2914 autemconsilium
1578 2847 1773 2924 eiusetiam
1788 2859 1957 2946 probavi,
1982 2867 2065 2958 quia
2082 2893 2162 2940 cum

134 2958 171 3014 ut
192 2943 241 3014 sit
261 2943 443 3012 simillima
464 2937 732 3015 honestissimae
762 2956 797 3014 et
824 2936 920 3014 haud
949 2944 1057 3015 dubie
1084 2946 1124 3015 in
1170 2937 1275 3010 istinc
1292 2941 1364 3010 sint
1380 2949 1596 3038 myropolia,
1622 2954 1822 3026 curationes
1838 2963 1989 3054 experiri
2006 2993 2163 3044 commo·
2196 2949 2201 2972 ⁸

131 3041 276 3116 Christo
299 3045 421 3116 beatae
446 3059 628 3116 matronae
654 3069 760 3139 quam
783 3039 958 3132 habuisti,
998 3060 1033 3118 et
1057 3047 1125 3119 tibi
1170 3042 1252 3113 dius
1277 3041 1330 3114 ibi
1355 3047 1494 3134 poterit.
1543 3046 1706 3124 Dedures
1728 3055 1837 3148 igitur
1857 3085 1938 3134 eum
1960 3070 2006 3138 ed
2029 3066 2164 3144 Docto·

129 3147 301 3218 fidissima
316 3147 471 3216 coniunx
488 3160 521 3217 et
535 3147 657 3216 liberis
672 3161 785 3226 mater
795 3139 844 3242 ⁸).
1170 3166 1245 3212 rem
1266 3135 1503 3245 Ecdle'um²),
1543 3176 1648 3245 quem
1673 3179 1749 3227 non
1772 3161 1898 3236 dubito
1929 3167 2054 3240 iuveni
2082 3199 2164 3245 vae.

233 3245 352 3318 Hodie
374 3249 413 3316 in
430 3271 550 3320 mensa
566 3248 742 3321 illustriss.
756 3244 934 3340 Principis
948 3244 1124 3320 Electoris
1171 3246 1263 3321 santi
1289 3249 1328 3316 in
1342 3249 1469 3318 iisdem
1491 3247 1738 3346 philosophiae
1758 3264 1884 3334 studiis
1907 3267 2062 3343 libenter
2082 3298 2163 3366 gra-

128 3353 223 3422 lacte
245 3361 296 3420 est
318 3345 513 3420 honorifica
534 3350 668 3420 mentio
692 3350 764 3435 tui,
795 3373 876 3420 cum
898 3350 1063 3442 princeps
1085 3351 1124 3421 in
1171 3347 1385 3418 tificaturum
1403 3373 1487 3425 esse.
1538 3350 1676 3428 Audire
1700 3361 1805 3432 etiam
1826 3366 1966 3460 aliquos
1983 3376 2163 3465 professo-

129 3453 281 3522 incudes
302 3452 440 3524 tabulas
464 3451 638 3524 incideret
656 3465 780 3524 vocato
804 3452 838 3524 d.
853 3445 1014 3521 Doctore
1037 3465 1072 3523 et
1090 3455 1125 3524 d.
1169 3470 1226 3517 res
1247 3445 1488 3546 Hieronymus
1512 3455 1609 3546 cupit
1631 3480 1693 3528 seu
1717 3456 1965 3558 philosophiae
1990 3497 2051 3544 seu
2074 3479 2163 3548 alia-

129 3547 357 3638 Pomerono,
398 3566 433 3646 et
465 3553 710 3645 praesentibus
733 3553 838 3623 etiam
863 3545 950 3627 [oh.
972 3547 1124 3630 Metsele
1169 3571 1251 3620 rum
1273 3545 1502 3624 honestarum
1523 3557 1672 3644 artium,
1704 3587 1813 3654 quare
1835 3591 1915 3639 eum
1933 3574 1990 3643 vel
2002 3567 2162 3648 Richei-

131 3670 165 3728 et
179 3655 354 3746 praelecto
370 3649 535 3749 Spiegel,
565 3679 629 3748 per
644 3654 760 3726 iocum
777 3654 980 3742 dicebatur,
1005 3663 1026 3726 a
1043 3657 1124 3750 qui·
1170 3647 1243 3732 cio,
1275 3652 1333 3721 vel
1355 3653 1463 3723 alicui
1481 3658 1595 3728 nostri
1609 3663 1748 3732 ordinis
1764 3667 1874 3737 amice
1889 3681 2163 3768 commendabis,

131 3759 282 3826 becedam
313 3756 486 3829 divitibus
515 3755 632 3826 viduis
660 3770 694 3828 te
723 3757 840 3848 appeti
864 3757 1029 3850 inprimis
1052 3781 1125 3830 una
1171 3752 1234 3846 qui
1249 3753 1425 3825 auditoria
1441 3779 1515 3826 non
1531 3763 1703 3850 gravatim
1721 3759 1854 3859 hospiti
1868 3789 2051 3853 monstret.
2081 3777 2163 3852 Me-

132 3859 321 3950 opulenta,
350 3859 395 3930 de
410 3883 479 3952 qua
498 3858 603 3927 etiarn
620 3859 712 3948 apud
728 3855 774 3926 D.
788 3855 978 3928 Doctorem
995 3859 1124 3954 aliquis
1170 3853 1306 3926 miniati
1320 3853 1551 3930 Homericum
1565 3861 1675 3950 illud,
1707 3863 1869 3960 Ulyssem
1886 3897 1960 3945 non
1976 3883 2085 3952 modo
2100 3907 2163 3954 ur-

130 3960 343 4033 ioratusest.
393 3959 448 4052 De
462 3949 624 4030 Caesare
643 3959 811 4028 narrabat
825 3957 1011 4050 Princeps,
1037 3963 1124 4030 scri-
1170 3955 1260 4040 bes,
1287 3959 1348 4026 sed
1373 3958 1478 4028 ctiam
1501 3983 1624 4034 seusus
1645 3965 1837 4040 multarum
1860 3975 2011 4047 urbium'
2029 4006 2163 4074 cogun-
2201 4014 2205 4024 ·

130 4079 229 4154 ptum
249 4084 322 4130 esse
339 4085 380 4130 ex
396 4059 576 4152 Augusta,
601 4053 788 4128 Audacem
801 4055 927 4129 Dorio
945 4063 1052 4131 classe
1066 4086 1125 4131 ac·
1171 4055 1273 4130 visse.
1313 4055 1396 4128 Non
1411 4057 1520 4150 igitur
1535 4075 1670 4135 tantum
1688 4081 1805 4141 vetera
1820 4069 2067 4152 Romanorum
2083 4110 2163 4158 mo-
2210 4081 2218 4094 ’

131 4165 273 4236 cessisse
288 4165 326 4232 in
343 4160 573 4254 Hispaniam,
604 4175 645 4232 ut
661 4159 844 4232 Caesarem
864 4159 1068 4232 transvehat
1084 4162 1123 4231 in
1170 4172 1359 4243 numenta,
1389 4161 1450 4230 sed
1469 4161 1574 4232 etiam
1590 4167 1707 4236 studia
1723 4183 1758 4240 et
1773 4173 1971 4248 doctrinam
1988 4186 2088 4254 urbis
2106 4211 2163 4258 ce-

131 4263 269 4336 ltaliam
282 4257 361 4358 ”),
393 4277 427 4335 et
441 4255 669 4334 Gronvelum
691 4261 912 4334 constituisse
928 4261 1122 4354 Noriberga
1170 4259 1438 4345 lebratissimae,
1454 4287 1544 4356 quae
1561 4279 1595 4336 et
1612 4271 1847 4348 vetustissima
1863 4278 2046 4354 literarum
2062 4290 2163 4360 sedes

131 4367 270 4456 egredi,
311 4365 452 4436 obviam
479 4368 718 4458 proiecturum
749 4361 813 4437 illi.
881 4361 1012 4434 Verum
1037 4360 1123 4435 haec
1170 4359 1209 4428 in
1225 4358 1436 4446 Germania,
1462 4364 1686 4441 considerare
1707 4375 1813 4464 cupit.
1862 4373 1966 4454 Haec
1988 4379 2163 4462 lronestis-

130 4471 291 4538 nondum
307 4468 475 4538 videntur
489 4469 593 4538 fidem
612 4469 725 4538 iacere
742 4466 891 4552 nostris,
922 4479 963 4536 ut
978 4469 1123 4538 credant
1170 4461 1295 4531 umam
1316 4464 1391 4534 eius
1413 4465 1642 4558 cupiditatem
1658 4485 1693 4542 te
1707 4476 1875 4550 adiuvare
1893 4483 2012 4559 velim.
2063 4487 2163 4567 Bene

130 4565 298 4640 carolum
317 4561 539 4666 viverem),
1170 4563 1259 4638 vale.
1285 4565 1343 4634 die
1359 4563 1441 4642 Vll.
1455 4565 1558 4644 Mali.
1589 4567 1747 4649 Bonnae.
1798 4575 1844 4654 D.
1860 4574 2051 4680 Longolio
2067 4589 2163 4664 dices

1169 4661 1318 4738 eduum
1334 4667 1422 4737 meis
1437 4669 1577 4759 verbis,
1601 4697 1716 4769 neque
1731 4678 1765 4746 ei
1781 4687 2056 4758 commendabis.

165 4773 1121 4967 ⁸³iiis'iil'iiiiaiis'driissi.ii'i'iiifflpiifiiiiffiiiisi
1672 4802 1864 4906 Philippus
1885 4813 2112 4904 Melanthea.

198 4913 941 5067 tlgttttt's:t‘s‘ttltttttt'ttttttths
954 4913 1123 5052 .ἓέρῖἷῖἔῖῗὶ
1169 4947 1389 4968 ...........
2022 5033 2027 5040 ,

199 5046 864 5194 lff‘vf‘s'lts'tthtttdl‘ltdtlhlh'j
879 5049 1123 5174 lttlltiltl
1203 5077 1621 5153 *³⁰‘“¹‘⁶³⁸¹⁶³‘¹·¹¹⁰¹¹¹⁵¹¹
1635 5085 1790 5150 namu
1805 5113 1832 5166 r·
1845 5095 2091 5174 “samsu-

200 5201 317 5258 neunt,
335 5208 391 5244 non
405 5187 587 5244 festinandum
601 5203 660 5240 esse
671 5183 706 5239 sd
717 5183 851 5238 ucuuslss
863 5184 979 5257 nuptias.
1205 5167 1233 5236 ¹)
1249 5166 1325 5222 Εἶθ’·
1340 5167 1503 5236 &hffllbffs
1523 5169 1761 5246 Nfflflbffdmlt·
1797 5179 1857 5240 Vid.
1871 5203 1933 5259 epp.
1947 5189 1973 5243 d.
1987 5190 2014 5244 d.
2028 5192 2071 5250 28.
2085 5193 2163 5269 Heli,

167 5271 440 5414 ”iffi-hiim
460 5279 499 5326 ⁸⁸¹
520 5289 612 5326 ’Μ’
631 5267 706 5326 Μ’ἱο
720 5265 796 5322 Μ’
831 5266 1028 5326 mm
1045 5287 1120 5326 ‘⁰¹²¹'
1203 5235 1661 5392 ssffliiaii'sssiiaii'ss'ias.
1684 5345 1726 5399 ep.
1745 5329 1772 5384 a.
1793 5331 1819 5388 a.
1845 5333 1885 5394 u.
1905 5337 1972 5392 sne
1991 5339 2017 5395 s.
2036 5361 2062 5399 s.
2089 5354 2115 5402 a
2136 5347 2162 5402 a.
2242 5379 2249 5392 ·

168 5423 229 5498 ee)
251 5427 293 5482 ns
311 5425 384 5478 aa·
402 5424 436 5479 n
454 5433 545 5477 assas
556 5419 650 5478 unis
666 5417 718 5477 aa.
736 5437 806 5493 quse
825 5417 940 5475 eumn·
954 5420 987 5475 ιι
1000 5437 1044 5493 a.
1056 5419 1083 5478 a.
1096 5421 1123 5479 ι.
1239 5390 1282 5443 ¹¹·
1299 5385 1361 5456 Μ)
1373 5405 1430 5442 ²⁰¹¹
1442 5385 1594 5466 mm.
1612 5403 1641 5450 a
1654 5393 1783 5454 madon
1797 5401 1965 5485 satiasse.

202 5495 318 5552 ianuarii
332 5493 359 5549 Ιι.
372 5513 398 5549 a.
410 5493 444 5548 sd
459 5491 597 5548 omme.
1335 5557 1360 5628 7
1374 5553 1396 5594 t

1738 1357 1873 1460 Caspar
1886 1340 2065 1465 Crneiger.
2082 1379 2117 1447 d.
