4726 6250
335 297 412 380 sao
493 371 509 384 ,
921 285 1353 366 nrrsronanunr
1417 290 1528 370 nra,
1563 291 1628 374 tx,
1682 289 1817 370 sats.
2242 311 2287 386 a,

444 473 570 547 Tertio
595 465 783 562 Episcopie
812 467 984 560 praecipit
1008 463 1105 536 Dens
1131 477 1174 536 ut
1194 463 1268 534 sint
1281 462 1338 532 in·
1387 479 1424 538 et
1454 467 1607 554 aliorum
1640 470 1861 542 mcerdotnm
1889 485 2058 547 testantur
2079 497 2165 564 vagas
2186 477 2289 552 libitas

346 595 523 682 spectares
543 573 727 647 doctrinae
748 573 790 640 in
810 570 980 642 omnibus
996 565 1185 652 Ecclesiis,
1209 566 1339 661 quibus
1388 585 1464 640 non
1486 570 1629 662 punitas
1655 595 1740 646 esse.
1792 569 1911 644 Aede
1934 575 2072 646 indiciis
2086 591 2115 648 et
2128 585 2289 652 excomm

345 694 535 785 praesunt,
575 691 611 748 et
630 688 758 748 curent
779 686 820 746 ut
842 687 1001 766 pastores
1031 671 1217 742 inferiores
1246 683 1340 742 recte
1389 673 1528 744 cadone
1540 697 1623 745 mor
1638 673 1813 767 prolixius
1829 678 1999 753 dicemus,

346 795 516 870 doceant,
548 782 640 852 sicut
663 773 828 850 Christus
849 775 956 848 Petro
981 773 1167 866 praecipit:
1219 767 1274 842 Et
1300 778 1340 841 tu
1492 773 1652 866 Quinto,
1679 802 1780 870 saepe
1793 779 1900 850 ctiam
1916 803 2053 854 necesse
2073 777 2290 876 estSynodosau

347 909 536 966 conversus
562 875 908 978 ⁶⁰1⁸film⁰smlr0⁸
933 887 1025 951 ²³⁰5·
1076 874 1136 948 Ad
1157 872 1249 948 hanc
1264 897 1341 943 tem
1389 878 1532 950 toritate
1555 879 1674 975 aliqua
1698 882 1738 952 in
1762 905 1833 953 una
1856 883 2008 954 dioecesi
2033 897 2091 956 aut
2111 884 2238 976 pluribus
2248 911 2290 956 cos

264 1005 271 1012 .
347 998 434 1071 olim
465 988 689 1061 visitationes
717 985 869 1066 fiebant,
901 982 1032 1075 quibus
1060 992 1097 1050 et
1118 1003 1216 1050 nunc
1237 978 1341 1047 valde
1390 981 1521 1054 vocari.
1560 980 1633 1054 Nec
1654 985 1777 1073 exigua
1793 985 1965 1078 sapientia
1982 1001 2033 1059 est
2052 985 2291 1080 prospiceraqno

347 1121 438 1196 opus
454 1105 554 1165 esset.
606 1087 729 1182 ltaque
751 1085 790 1154 in
809 1085 967 1175 collegiis
980 1081 1246 1155 Canonicorum
1269 1103 1342 1150 esse
1390 1086 1438 1155 do
1453 1084 1567 1175 prosit
1583 1109 1778 1158 convocare
1804 1100 1940 1174 coetus,
1966 1103 2002 1159 et
2014 1091 2174 1184 quomodo
2188 1091 2292 1160 anun

348 1202 489 1295 aliquos
516 1190 684 1263 honestos
714 1203 748 1260 et
771 1189 892 1258 doctos
915 1184 1117 1258 Canonicos
1145 1183 1341 1277 oportebat,
1391 1187 1576 1277 geniorum
1620 1202 1655 1260 et
1689 1191 1912 1262 voluntatum
1953 1193 2096 1264 varinas
2131 1192 2294 1280 gnbcrnaolt

349 1305 412 1401 qui
438 1299 542 1371 certis
561 1292 780 1387 temporibus
804 1314 867 1382 per
891 1303 1002 1362 totam
1026 1287 1206 1360 dioecesin
1218 1283 1343 1356 Eccle-
1390 1288 1676 1372 †moderande”
1711 1306 1746 1363 et
1779 1295 1825 1362 ad
1859 1295 2081 1364 concordiam
2112 1294 2248 1364 flectenda
2268 1292 2295 1362 sit

303 1429 312 1448 ⁴
349 1409 418 1480 sias
433 1402 589 1484 adirent,
614 1411 647 1466 et
670 1408 826 1488 pastores
848 1393 1063 1464 indoctiores
1076 1391 1242 1465 audirent
1256 1411 1342 1458 con·
1389 1389 1471 1462 Non
1496 1393 1591 1462 enim
1615 1396 1761 1486 prodest
1784 1394 1916 1466 multos
1942 1397 2115 1490 superbis,
2143 1395 2297 1470 turbulentis,

349 1513 549 1587 cionaotes,
584 1514 617 1570 et
638 1501 682 1569 de
707 1498 826 1591 aliqua
849 1496 1033 1567 doctrinae
1052 1506 1151 1586 parte
1172 1494 1342 1562 admone-
1390 1495 1627 1578 veteratoriis‚
1642 1497 1799 1568 factiosis
1817 1496 1971 1588 ingeniis
1986 1499 2151 1592 praeditos
2164 1519 2297 1588 saepem

349 1624 441 1686 rent.
492 1603 633 1674 Horum
648 1601 805 1672 ollicium
826 1599 872 1668 sit
887 1598 992 1668 etiam
1010 1597 1148 1691 aliquos
1162 1594 1285 1664 audire
1303 1593 1341 1662 in
1389 1621 1527 1672 vocare.
1583 1593 1633 1670 Et
1660 1613 1779 1672 tamen
1802 1600 1982 1678 interdum
2015 1601 2149 1672 dissidia
2176 1597 2298 1668 doctrina

348 1711 501 1810 populo,
527 1720 567 1778 ut
589 1705 676 1800 quid
701 1700 877 1791 intelligat
900 1714 935 1771 et
957 1700 1070 1769 discat
1088 1699 1240 1790 populus
1262 1695 1341 1766 ani·
1389 1715 1451 1772 ant
1464 1700 1618 1770 aliorum
1638 1703 1881 1774 communium
1897 1705 2102 1775 morborum
2116 1699 2298 1774 emendatiora

347 1809 522 1889 madverti
538 1809 658 1902 possit.
709 1802 908 1896 Explorent
927 1802 1032 1872 etiam
1048 1802 1178 1870 lamam
1198 1801 1241 1869 de
1264 1821 1342 1868 mo·
1390 1801 1573 1896 postulant
1589 1805 1721 1875 multos
1745 1806 1953 1889 convocari,
1987 1821 2024 1878 et
2048 1806 2157 1900 aliqua
2187 1799 2298 1872 cononi

347 1921 448 1994 ribus
461 1927 646 2010 pastorum
662 1923 698 1979 el
712 1907 928 1980 audilorum·
961 1902 1052 1976 Nom
1067 1899 1154 1974 haec
1167 1905 1240 1974 duo
1257 1923 1342 1992 ope·
1391 1906 1648 1977 deliberatione
1671 1908 1796 2000 quaeri
1820 1909 1994 1992 remedia,
2022 1909 2109 1980 sicut
2124 1905 2252 2000 Apostoli
2266 1901 2297 1992 ly·

349 2047 388 2094 ra
403 2030 487 2091 sunt
500 2013 708 2108 praecipua,
734 2023 769 2079 et
788 2033 870 2079 vere
887 2008 1008 2078 divina
1030 2029 1139 2098 opera
1161 2006 1236 2076 eius
1258 2006 1343 2075 fun·
1391 2010 1505 2079 nodos
1522 2007 1693 2080 salutm,
1707 2005 1921 2084 habuerunt,

350 2121 496 2200 ctionis‚
524 2139 613 2210 quae
631 2116 724 2186 inter
742 2112 903 2183 omnium
920 2122 1161 2182 creaturarum
1186 2106 1342 2182 functio·
1493 2109 1618 2192 Sexto,
1645 2135 1725 2182 cum
1746 2111 1915 2205 Episcopi
1935 2115 2088 2184 debeant
2109 2133 2174 2182 esse
2192 2110 2299 2198 inspecte

349 2248 413 2297 nes
436 2243 573 2293 summa
593 2232 627 2288 ct
646 2217 796 2286 maxima
819 2228 889 2299 est,
920 2213 1073 2284 retinere
1098 2212 1215 2282 lucem
1238 2232 1342 2279 verae
1391 2214 1665 2298 reedoctrinae,
1680 2215 1774 2286 ime„
1787 2215 1995 2308 praecipua,
2013 2238 2128 2300 eum„
2147 2207 2299 2282 ,plumea

347 2325 532 2400 doctrinae
555 2323 599 2391 de
621 2316 716 2404 Deo,
742 2332 776 2390 et
796 2319 911 2388 bonos
926 2339 1063 2400 mores,
1088 2337 1240 2408 quarum
1255 2312 1344 2381 dua·
1391 2319 1568 2410 oportuit,
1600 2317 1766 2409 perficere
1793 2331 1833 2388 ut
1855 2313 1997 2390 scholae
2021 2317 2202 2412 superiores
2217 2307 2298 2381 elida

349 2447 572 2502 cumrerum
596 2422 833 2492 maximarum
853 2420 1068 2490 tuendarum
1092 2439 1177 2487 cura
1194 2411 1345 2506 Episco-
1392 2421 1504 2490 riores
1519 2431 1612 2490 recte
1626 2434 1805 2511 regantur.
1845 2419 1938 2492 Nam
1953 2418 2160 2494 Academiae
2172 2428 2237 2486 suot
2247 2429 2299 2478 nult

346 2537 403 2629 pis
416 2528 605 2625 praecipue
621 2525 787 2595 mandata
800 2535 871 2608 est,
892 2545 968 2591 non
984 2541 1186 2592 consecrare
1204 2541 1345 2610 campa·
1392 2537 1433 2594 ut
1462 2522 1550 2592 olim
1579 2522 1694 2615 prima
1715 2523 1863 2612 collegia
1886 2521 2164 2606 Canonieorum,
2191 2511 2312 2588 doctius*

346 2661 411 2709 uas
428 2649 462 2706 et
477 2630 639 2725 parlelts·
1393 2626 1574 2710 custodes,
1597 2639 1704 2696 testes
1721 2639 1757 2696 et
1770 2626 2051 2718 propagatrices‚
2083 2647 2164 2720 quas
2180 2615 2301 2700 intelliges

449 2731 530 2806 Etsi
547 2744 664 2802 autem
682 2724 854 2820 Episcopi
869 2748 966 2796 nunc
989 2735 1171 2815 utcunque
1190 2722 1346 2794 retinent
1394 2728 1593 2799 doctrinam
1623 2725 1803 2800 Ecclesiae
1826 2728 2018 2820 integram,
2050 2744 2085 2800 et
2109 2747 2200 2796 none
2220 2717 2300 2788 unilt·

350 2835 587 2912 ceremoniam
616 2829 869 2912 ordinationis,
899 2840 1019 2897 tamen
1041 2825 1269 2895 manifestum
1295 2837 1345 2898 cst
1393 2855 1467 2900 sam
1491 2829 1757 2923 antiquitatem,
1782 2832 1975 2902 certamina
2003 2846 2037 2902 et
2058 2829 2180 2901 iudicia
2195 2817 2300 2894 Ecclesia

349 2939 629 3034 explorationem
651 2931 834 3004 doctrinae
856 2943 890 3000 ct
912 2952 1069 3012 morum,
1091 2941 1125 2998 et
1149 2927 1344 2998 institutio·
1393 2946 1550 3024 oportet,
1591 2946 1627 3003 et
1649 2934 1737 3003 scire
1764 2935 1861 3006 unde
1884 2935 2088 3016 doctrinam
2106 2925 2269 3022 acceperint,
2285 2923 2312 3014 lp

349 3069 433 3116 nem
448 3037 711 3132 imperitiorum
733 3032 862 3106 omitti.
914 3029 999 3102 ldeo
1022 3031 1150 3123 plenus
1174 3043 1226 3100 est
1247 3031 1345 3100 orbis
1393 3035 1593 3106 testimonia
1608 3059 1711 3106 verae
1735 3035 1928 3108 sententiae
1943 3039 1989 3108 ad
2011 3035 2224 3130 posteritatem
2239 3029 2312 3090 tran*

349 3165 526 3220 terrarum
564 3139 737 3222 indoctis,
770 3136 927 3220 levibus,
961 3133 1081 3225 impiis
1121 3132 1342 3204 sacrificulis:
1392 3139 1549 3222 mittere,
1581 3137 1673 3208 sicut
1694 3135 1861 3208 lrenaeus
1884 3140 2014 3230 allegat
2042 3117 2301 3210 testimoniaEcde

348 3247 398 3322 Et
414 3244 508 3319 banc
522 3242 705 3332 religionis
721 3237 1008 3333 profanationem
1023 3235 1120 3308 Deus
1143 3236 1248 3326 punit
1267 3259 1344 3306 ma·
1392 3241 1524 3311 siarum
1552 3237 1770 3310 Graecarum
1796 3252 1829 3312 et
1850 3239 2074 3314 Latinarum.
2125 3237 2172 3310 Ac
2190 3227 2298 3308 uldel*

348 3353 427 3446 gnis
448 3345 602 3443 publicis
615 3343 894 3426 calamitatibus,
918 3339 1043 3425 bellis,
1063 3339 1344 3423 confusionibus,
1392 3343 1501 3412 stulat
1523 3343 1667 3434 publica
1689 3344 1898 3427 necessitas,
1924 3357 1965 3415 ut
1988 3365 2116 3416 omnes
2135 3337 2301 3432 gubernatore

317 3481 322 3488 ·
348 3471 383 3528 et
398 3453 514 3525 ruinis
529 3471 733 3537 regnorum.
793 3441 1025 3514 Manifestum
1047 3455 1082 3513 et
1104 3437 1172 3512 hoc
1195 3454 1343 3511 estnon
1391 3441 1630 3516 Ecclesiastici
1660 3458 1694 3515 et
1723 3446 1877 3538 politici,
1909 3447 2047 3517 maiore
2069 3437 2226 3535 diligentie
2243 3439 2299 3494 ιιει

348 3559 425 3629 beri
449 3553 669 3623 visitationes
689 3545 948 3630 Ecclesiarum,
973 3545 1343 3637 praeterquamquod
1392 3547 1558 3631 dulitate,
1584 3547 1734 3618 excitent
1758 3562 1794 3619 et
1815 3549 1959 3621 foveant
1984 3549 2104 3620 studia
2129 3534 2297 3630 literana}

349 3682 471 3733 reeens
497 3653 609 3748 aliqui
633 3649 822 3742 Episcopi,
848 3662 889 3719 ut
915 3671 1034 3716 veram
1062 3645 1261 3716 doctrinam
1280 3671 1345 3737 op·
1393 3649 1618 3740 disciplinam
1651 3651 1690 3719 in
1719 3645 1851 3720 scholis
1880 3652 2040 3724 severius
2068 3649 2240 3736 astringant
2268 3623 2296 3734 ll

347 3764 561 3857 primerent,
586 3756 632 3826 ad
650 3754 768 3847 aliqua
788 3751 864 3821 loca
881 3773 1026 3821 suarum
1049 3749 1264 3818 dioecesium
1287 3774 1346 3820 ac·
1393 3747 1529 3845 mia⁴⁴)
1561 3764 1612 3822 est
1644 3753 1739 3822 enim
1771 3749 1901 3822 horum
1924 3766 2127 3846 temporum
2149 3744 2293 3832 libens}

348 3875 538 3938 cesserunl·
1394 3879 1463 3948 qua
1490 3854 1594 3925 multi
1615 3855 1828 3940 efferantur,
1854 3869 1891 3926 et
1913 3857 2108 3950 negligcmt
2121 3841 2290 3937 exerente

449 3963 606 4054 Quarto,
630 3956 728 4028 Deus
749 3956 921 4048 praecipit
942 3953 1096 4024 exerceri
1119 3953 1251 4024 iudicia
1275 3947 1346 4022 Ec·
1393 3957 1528 4046 gionis,
1554 3957 1773 4048 precationes
1793 3971 1827 4028 et
1849 3955 2021 4030 lectiones
2044 3979 2165 4030 sacras.
2183 3981 2188 3990 ·
2207 3943 2287 4016 ΗΜ

350 4067 561 4148 clesiastica,
594 4075 634 4132 nt
660 4055 791 4132 Matth.
811 4057 870 4130 18.
893 4059 1149 4148 scriptumest,
1175 4069 1211 4126 et
1240 4058 1258 4126 1
1280 4053 1345 4124 Ti·
1394 4060 1535 4130 ritatem
1556 4060 1587 4128 si
1609 4061 1724 4130 adulti
1747 4061 1790 4129 ad
1811 4057 1989 4152 Rempub.
2004 4062 2181 4140 adferent,
2203 4043 2283 4144 elli*

349 4165 462 4242 moth.
478 4163 514 4239 6.
542 4164 708 4234 videlicet
729 4175 771 4232 ut
791 4185 832 4230 ex
858 4157 1016 4232 Ecclesia
1044 4159 1249 4240 eiiciantur,
1282 4157 1346 4250 qui
1393 4177 1463 4234 stes
1485 4141 1811 4252 generis'bumani,
1842 4164 1926 4255 quia
1949 4163 2030 4236 sine
2059 4185 2138 4232 vera
2163 4146 2289 4234 imoull’i‘·¹

348 4275 436 4346 salsa
458 4272 604 4352 docent,
631 4279 666 4335 et
688 4265 741 4334 rei
762 4276 846 4334 sunt
855 4262 1126 4332 manifestorum
1142 4261 1345 4340 criminum,
1394 4262 1461 4334 Dei
1483 4263 1628 4350 vivunt,
1654 4266 1839 4356 negligunt
1858 4261 2054 4350 Ecclesia,
2082 4265 2166 4334 fiunt
2185 4249 2297 4344 Epium·

348 4376 413 4474 qui
425 4394 542 4443 mores
556 4392 631 4438 non
647 4369 857 4447 emendant,
883 4376 918 4434 et
940 4377 980 4434 ut
1002 4365 1063 4435 lux
1084 4389 1187 4434 verae
1212 4363 1345 4433 doctri·
1394 4381 1434 4438 ιιι
1448 4391 1544 4436 niano
1557 4368 1713 4459 passim,
1737 4360 1829 4459 prob
1851 4367 1972 4448 dolor,
1996 4369 2086 4438 tales
2101 4344 2292 4460 cyr-topace

348 4503 415 4552 nae
443 4490 477 4546 et
499 4473 585 4544 boni
611 4493 728 4540 mores
756 4469 988 4540 retineantur.
1048 4464 1145 4536 llaec
1169 4466 1343 4538 iudiciaa
1393 4483 1478 4540 sunt
1494 4471 1531 4539 in
1550 4470 1641 4540 aulis
1658 4483 1694 4540 et
1708 4469 1924 4541 civitatibus.

348 4581 425 4654 Deo
442 4575 599 4672 praecipi
620 4571 845 4643 manifestum
863 4583 932 4655 est,
959 4583 992 4639 et
1008 4563 1115 4639 fuisse
1133 4569 1171 4638 in
1185 4566 1345 4639 Ecclesia
1495 4570 1697 4644 Revocetur
1719 4595 1800 4664 ergo
1827 4573 2067 4646 adolescents,
2099 4571 2142 4640 ad
2169 4557 2231 4634 mod
2265 4645 2269 4658 ¹

348 4707 486 4776 “smper
502 4681 546 4750 ab
561 4676 667 4749 fsslii⁰
683 4674 821 4759 mundi,
839 4667 932 4742 nihil
948 4672 1097 4744 dubium
1117 4687 1179 4751 est,
1194 4695 1284 4764 quoe
1302 4694 1343 4739 eo
1392 4674 1554 4745 assuefiat
1568 4675 1737 4766 exemplis
1753 4690 1787 4747 et
1803 4669 1962 4744 honestis
1975 4673 2151 4746 exercitiis
2163 4665 2199 4738 ad
2219 4657 2305 4740 ,Benna

348 4787 492 4882 quidem
503 4779 710 4871 diligentius
723 4779 914 4848 exercenda
931 4787 1045 4859 erant,
1060 4775 1144 4867 quia
1155 4772 1343 4862 Magistra·
1393 4799 1476 4846 nem
1500 4788 1536 4845 et
1556 4776 1722 4846 timorem
1739 4775 1827 4860 Dei,
1853 4790 1888 4846 et
1910 4801 2028 4848 merge
2051 4777 2207 4848 salutares
2221 4757 2305 4828 <inlll

349 4904 406 4962 tus
423 4884 565 4982 profani
587 4907 662 4952 noo
680 4893 807 4952 curant
821 4877 1032 4950 doctrinam.
1079 4873 1220 4946 Deinde
1236 4875 1275 4944 in
1289 4875 1344 4944 di·
1393 4880 1524 4950 dentur
1554 4879 1721 4954 libertati.
1778 4877 1914 4950 Verum
1942 4883 1987 4950 ad
2022 4876 2109 4950 haec
2132 4855 2307 4964 Epist⁰lflrdss

349 4990 499 5084 sciplina
522 4985 740 5076 negligentes
761 4996 863 5064 sunt,
896 5003 971 5048 non
1004 4978 1159 5070 puniunt
1182 4978 1344 5067 vulgares
1392 5003 1500 5072 opera
1516 4981 1638 5052 omnia
1660 5005 1750 5073 opus
1772 4996 1824 5052 cst
1846 4982 1886 5051 in
1902 4983 2066 5074 qualibet
2079 4967 2213 5052 dioecesi
2232 4946 2310 5038 ,lqnt

348 5092 596 5172 scortationes,
629 5101 691 5158 aut
713 5085 904 5155 adulteria:
953 5077 1180 5172 Deploranda
1204 5093 1257 5150 est
1279 5104 1344 5150 an-
1392 5078 1551 5154 honestis
1574 5098 1608 5155 et
1627 5084 1741 5156 doctis
1757 5084 1845 5154 viris
1866 5099 1898 5154 et
1916 5081 2034 5156 Deum
2052 5075 2249 5155 timentibus.
2264 5062 2310 5152 ll*

347 5209 473 5270 temet
497 5189 583 5262 haec
613 5189 793 5260 calamitas
817 5183 1015 5263 Ecclesiae,
1057 5185 1153 5276 qnod
1179 5178 1265 5252 baec
1287 5183 1344 5252 in·
1392 5185 1443 5256 les
1472 5180 1597 5257 haberi
1617 5203 1781 5279 possent,
1814 5188 1844 5256 si
1871 5189 2052 5259 accederet
2082 5181 2161 5256 laec
2187 5161 2310 5250 dilli‘m'i

346 5301 439 5372 dicia
464 5317 609 5390 prorsus
631 5293 676 5361 ab
693 5287 878 5381 Episcopis
902 5285 1130 5374 negliguntur
1153 5299 1188 5356 et
1203 5307 1342 5354 excom·
2309 5253 2310 5288 ¹

346 5400 541 5475 municatio
555 5397 599 5465 ad
618 5415 756 5464 caussas
771 5388 931 5484 proprias
951 5387 1018 5458 sori
1038 5388 1178 5478 profani
1196 5387 1343 5476 indigne

346 5504 505 5596 etirnpic
522 5496 691 5570 translata
715 5507 777 5568 est.
829 5489 950 5562 Mores
967 5491 1061 5558 enim
1078 5487 1343 5560 Canonicornm
1426 5515 1472 5574 tet
1489 5513 1599 5582 mma]
1621 5513 1684 5570 pu,
1704 5515 1788 5568 Nora.

2232 4543 2303 4618 esti*
