4842 6256
81 381 159 466 201
666 375 1102 463 EPISTULARUM
1160 381 1266 464 LIB.
1305 385 1369 466 lX.
1421 387 1554 467 tata.
2052 389 2131 466 202

86 559 286 635 Ecclesiam
300 559 596 653 Ratisponensem
609 554 811 644 hortamur,
842 572 883 628 ut
896 555 1083 649 Evangelii
1137 559 1242 650 cipio,
1266 583 1409 652 sperans
1424 585 1480 631 me
1495 561 1534 630 in
1547 564 1667 633 eadem
1683 558 1816 634 Christi
1833 559 2034 653 cognitione
2046 558 2126 640 iux-

86 667 282 758 puritatem
298 663 449 733 retinere
465 665 621 745 studeat,
655 677 688 732 et
703 663 885 752 ministros
903 677 996 732 recte
1018 665 1084 732 do-
1137 673 1173 730 ta
1194 660 1325 736 bonam
1339 657 1647 753 Deivoluntatem
1665 665 1775 756 ipsam
1792 679 2006 738 secuturum.
2048 661 2128 732 llu-

89 780 208 840 centes
227 764 381 854 benigue
394 767 530 850 foveat,
561 779 601 836 ut
616 765 867 855 gratitudinem
883 787 981 834 suam
1004 785 1082 852 erga
1137 762 1193 831 ius
1215 763 1266 831 rei
1290 788 1370 832 cum
1393 789 1450 834 me
1467 778 1547 835 tuae
1564 767 1882 856 praestantissimae
1898 766 2019 836 literae
2039 765 2127 832 bde-

88 867 206 941 Deum
224 869 390 938 ostendat
406 890 472 958 pro
490 879 659 936 renovata
675 867 752 934 luce
766 863 964 956 Evangelii.
1017 863 1084 934 Fe·
1136 864 1220 932 liter
1233 864 1502 952 admonuerim,
1534 891 1619 936 sane
1639 863 1728 938 mihi
1742 868 1958 960 gratissimae
1975 880 2011 937 et
2025 881 2126 958 opta-

92 985 176 1042 runt
192 969 313 1051 enim,
346 969 385 1036 in
409 969 532 1037 iisdem
551 968 757 1057 regionibus
772 968 905 1035 semina
920 963 1084 1054 Evange-
1137 965 1291 1036 tissimae
1316 968 1480 1054 strarant,
1520 981 1554 1038 et
1578 971 1782 1062 praesertim
1809 970 1906 1053 ideo,
1946 970 2043 1063 quod
2070 968 2126 1036 vi·

93 1073 137 1142 lii
156 1071 273 1142 statim
297 1083 378 1161 post
400 1070 578 1160 apostolos
601 1093 721 1160 sparsa
746 1091 818 1137 esse
839 1092 904 1159 per
923 1060 1083 1135 Lucium
1120 1068 1239 1135 .deam
1255 1067 1316 1161 Sp.
1333 1067 1455 1140 Sancti
1478 1069 1719 1140 testimoninm
1744 1072 1782 1139 in
1805 1071 1971 1141 cordibus
1994 1069 2125 1140 nostris

98 1165 343 1267 Cyrenorum,
370 1170 432 1263 qui
456 1171 495 1238 in
517 1171 602 1241 actis
624 1171 865 1261 apostolorum
888 1169 1085 1238 celebratur
1129 1169 1184 1242 ,ita
1203 1172 1433 1256 concordare,
1466 1185 1571 1266 atque
1593 1187 1665 1244 tam
1688 1186 1820 1242 certum
1842 1187 1876 1244 et
1898 1171 2018 1242 efficax
2041 1193 2125 1243 esse.

101 1271 287 1366 cap.Xlll.
345 1270 453 1342 Hunc
476 1285 632 1342 secutum
658 1273 828 1341 exercitus
851 1293 1016 1340 romanos
1038 1272 1083 1340 ad
1136 1267 1226 1339 Nam
1253 1283 1285 1339 et
1310 1294 1372 1360 ego
1397 1273 1567 1366 postridie
1590 1287 1670 1364 post
1692 1274 1812 1344 uxoris
1828 1274 1973 1343 dilectae
1988 1272 2125 1344 obitum

96 1373 301 1446 Danubium
331 1387 481 1444 narrant
506 1374 544 1443 in
568 1372 726 1462 Augusta
753 1371 923 1442 Tiberina
949 1366 1083 1442 Christi
1136 1369 1396 1458 felicissimum,
1422 1375 1460 1443 in
1477 1375 1513 1444 id
1528 1399 1612 1446 casn
1627 1376 1665 1444 in
1681 1375 1850 1446 concione
1866 1375 1997 1454 incidi,
2019 1395 2124 1465 quam

92 1501 223 1546 nomen
240 1488 277 1545 et
293 1473 491 1544 doctrinam
508 1475 735 1565 praedicasse.
787 1471 878 1542 Tam
901 1474 969 1543 cito
987 1471 1084 1542 Deus
1137 1471 1263 1542 ordine
1284 1476 1496 1546 concionum
1517 1500 1675 1548 mearum
1700 1478 1919 1568 postulante,
1951 1499 1993 1544 ex
2016 1475 2126 1544 versi·
2198 1555 2203 1566 ι

89 1580 162 1650 sibi
177 1579 216 1646 in
232 1576 311 1646 istis
326 1577 467 1666 populis
481 1572 674 1644 Ecclesiam
691 1574 841 1663 collegit.
894 1573 1083 1644 Gaudeant

88 1695 209 1750 autern
225 1702 325 1747 nunc
341 1701 484 1770 quoque
500 1677 568 1767 pii,
597 1699 719 1747 rursus
741 1699 920 1745 accensam
939 1697 1011 1744 esse
1027 1677 1083 1746 lu-

88 1805 165 1850 cem
180 1778 388 1867 Evangelii,
421 1803 568 1870 cemque
591 1777 684 1846 veris
707 1777 832 1846 officiis
853 1777 1007 1848 retinere
1022 1801 1084 1846 cu-

86 1895 190 1964 rent,
222 1893 264 1950 ut
280 1878 376 1951 Deus
403 1893 565 1948 aeternus
586 1893 686 1970 pater
709 1879 846 1948 domini
870 1880 983 1949 nostri
1008 1875 1084 1946 lesu

86 1979 228 2054 Christi
249 2005 331 2050 vere
352 1981 536 2050 invocetur
558 1993 591 2049 et
608 1980 815 2051 celebretur.
864 1979 977 2050 Datae
992 1978 1082 2048 Wi-

86 2087 279 2171 tenbergac
297 2082 355 2151 die
369 2077 517 2154 Octobr.
536 2077 613 2166 16„
638 2103 733 2150 anno
753 2079 962 2152 MDXLlll.

836 2207 1032 2312 [van

92 2423 969 2440 *mm-*m
978 2423 1070 2434 ..n-

87 2553 288 2676 QG.

255 2735 474 2820 Medlerus
505 2735 566 2820 od
594 2735 927 2820 Melanttonem.

158 2917 194 2970 Er
216 2935 312 2986 apogr.
330 2915 358 2967 in
378 2915 440 2968 cod.
454 2915 516 2968 Bar.
530 2914 591 2971 vot.
608 2915 643 2971 n.
665 2935 692 2986 p.
704 2914 765 2972 385.
785 2915 855 2971 edita
868 2917 896 2971 in
911 2918 1008 2972 Deurii
1021 2935 1081 2989 epp.

193 2986 262 3038 ntea
275 2987 311 3038 sd
326 2984 441 3040 Medter.
461 3002 488 3055 p.
505 2985 534 3036 16
546 3003 588 3054 sq.

943 2557 1083 2676 Q.

68 3135 249 3212 ‘Clarae
284 3147 315 3209 rt
346 3138 602 3236 praestantiae.
636 3139 730 3224 viro,
769 3137 937 3212 Domino
964 3137 1086 3212 Pht:

89 3243 225 3340 lippo
259 3233 586 3322 Metamhoni,
635 3243 674 3309 r'n
716 3241 858 3336 inclyto
897 3241 1081 3338 Is'r'trhrrg.

89 3343 293 3414 :trudentia
318 3339 529 3412 divinarum
557 3352 587 3412 et
611 3335 863 3413 brandeorum
888 3343 1080 3416 lc'tcrurum

87 3443 321 3544 Professnri,
359 3441 570 3514 doctissimo
600 3443 900 3544 r'ntcgerrr'moque
934 3443 1081 3518 domino

180 3546 335 3630 maiori,
367 3555 398 3614 et
419 3545 646 3644 praeceptori
666 3573 733 3616 suo
757 3543 992 3620 observando.

84 3663 130 3754 S.
150 3681 191 3756 P.
210 3681 255 3756 D.
305 3681 445 3752 Nollem
468 3705 570 3767 sane,
605 3707 660 3750 me
682 3707 755 3752 non
777 3685 907 3756 sentire
931 3709 1026 3754 meas
1046 3702 1080 3756 et

85 3809 248 3854 meorum
265 3784 489 3867 calamitates,
504 3782 715 3874 Praeceptor
729 3785 834 3855 unice
850 3788 1079 3860 observande.

84 3885 209 3975 Quare
226 3886 276 3970 fit,
301 3900 341 3958 ut
358 3886 495 3978 quoties
512 3885 631 3954 uxoris
648 3909 744 3956 meae
760 3887 981 3958 fidelissimae
999 3911 1078 3978 erga

84 4013 143 4058 me
161 3988 379 4058 sanctissima
396 3987 528 4070 officia,
552 3985 682 4080 quibus
696 3989 802 4056 modo
819 3989 976 4078 privatus
989 4014 1078 4073 sum,

86 4103 123 4160 et
143 4091 287 4182 quoties
309 4089 439 4158 liberos
463 4111 578 4172 mens,
610 4110 699 4178 quos
723 4088 762 4156 in
777 4111 912 4159 summa
930 4115 1079 4162 eoncor-

86 4193 146 4262 dia
173 4207 208 4263 et
229 4190 306 4282 pari
326 4189 511 4280 diligentia
534 4189 573 4260 in
593 4184 784 4260 christiana
807 4190 936 4280 pietate
950 4195 1078 4261 educa-

87 4295 205 4361 vimus
229 4286 346 4362 adhuc
367 4315 441 4360 esse
465 4291 617 4360 infantes
634 4291 766 4378 cogito,
799 4292 837 4358 in
853 4293 1076 4380 gravissimos

83 4397 227 4466 dolores
251 4393 380 4463 incido.
435 4389 468 4460 E
490 4407 612 4461 contra
635 4416 739 4472 vero,
782 4394 924 4483 quando
950 4395 1077 4482 cogito,

85 4498 156 4564 iam
182 4499 292 4586 ipsam
316 4517 430 4562 meam
447 4515 592 4563 uxorem
608 4518 626 4560 a
644 4492 825 4562 laboribus
838 4495 995 4587 requiem
1014 4491 1076 4563 ha-

84 4599 181 4679 bere,
196 4608 231 4665 et
244 4619 321 4664 eam
337 4595 373 4664 in
390 4589 655 4676 sinuAhrahac,
673 4595 695 4668 i.
704 4618 734 4667 e.
748 4595 784 4662 in
798 4611 900 4664 coetu
914 4597 1073 4665 omnium

85 4697 323 4778 credentium,
363 4696 401 4764 in
427 4719 496 4788 qua
520 4719 580 4786 spe
603 4696 861 4786 peregregiam
884 4699 1073 4767 contessio-

86 4824 166 4870 nem
186 4815 220 4868 et
234 4811 374 4868 mortua
392 4811 461 4878 est,
489 4821 606 4867 coram
631 4810 728 4887 patre
749 4797 889 4867 coelesti
912 4799 948 4866 in
973 4824 1073 4890 prae·-

85 4901 216 4981 sentia,
249 4911 284 4969 et
307 4900 474 4968 beneficio
497 4899 562 4966 filii
584 4899 659 4994 sui,
689 4895 734 4971 D.
755 4923 791 4970 n.
814 4897 840 4972 l.
863 4895 966 4982 Chr..
993 4927 1071 4971 cnm

84 5001 250 5072 omnibus
272 5001 401 5070 sanctis
423 5002 580 5092 patribus
601 5014 635 5069 et
655 5000 848 5068 maioribus
871 5003 1000 5073 nostris
1019 5003 1073 5070 vi·-

85 5127 184 5185 vere,
216 5103 419 5172 conversari
440 5115 474 5172 et
494 5105 631 5192 agendo
649 5098 723 5172 Deo
741 5101 973 5191 sempiternas
993 5125 1071 5192 gra-

85 5207 147 5274 tias
164 5207 336 5296 gaudere,
369 5204 552 5276 minacem
570 5205 697 5276 iterum
713 5203 990 5274 consolationem
1012 5230 1070 5273 ac-

90 5405 309 5420 W

114 5559 142 5628 i)
160 5557 232 5613 flacc
247 5573 305 5609 non
317 5551 395 5608 babet
407 5552 469 5608 cod.
481 5550 528 5607 scd
542 5547 644 5604 rddidit
656 5548 766 5606 schtu.

1137 1574 1216 1643 culo
1235 1575 1301 1646 isto
1318 1573 1450 1648 Psalmi
1464 1575 1540 1648 32:
1568 1571 1755 1673 Quoniam
1772 1577 1848 1673 ipse
1865 1572 1982 1657 dixit,
2009 1583 2039 1648 et
2049 1574 2123 1675 sn-

1137 1683 1193 1743 cta
1209 1684 1316 1763 sunt,
1343 1686 1375 1746 et
1391 1673 1604 1762 mundavit,
1630 1687 1661 1748 et
1680 1688 1801 1749 creata
1816 1687 1921 1760 sunt,
1944 1678 2023 1752 scri.
2056 1675 2126 1746 Hic

1137 1789 1231 1845 totus
1248 1781 1420 1872 populus,
1446 1807 1491 1852 ne
1508 1783 1670 1873 pluribus
1686 1799 1784 1866 utar,
1807 1781 1996 1864 intellexit,
2029 1779 2124 1871 quod
2197 1783 2199 1790 ’

1136 1873 1331 1971 mihiipsi,
1365 1906 1439 1952 non
1462 1885 1601 1965 minus,
1632 1909 1737 1977 quam
1762 1884 1847 1974 ipsis
1870 1878 1961 1952 hanc
1983 1880 2125 1950 concio-

1136 2001 1216 2047 nem
1234 1979 1385 2056 fecerim.
1438 1985 1610 2056 Similiter
1632 1987 1735 2056 ctiam
1758 1984 1916 2076 proxima
1937 1982 1994 2051 die
2008 1981 2125 2051 dorni-

1136 2081 1215 2149 nica
1238 2083 1354 2173 elapsa
1372 2108 1413 2155 ex
1426 2083 1621 2176 Evangelio
1639 2091 1682 2156 de
1697 2085 1835 2177 Regulo
1852 2084 2024 2176 egregiam
2040 2105 2125 2152 con-

1136 2182 1345 2252 solationem
1373 2188 1506 2277 accepi,
1546 2192 1641 2281 quod
1670 2190 1807 2258 videam
1840 2183 1908 2258 hoc
1940 2185 2124 2277 proprium

1137 2306 1209 2354 esse
1224 2280 1359 2358 Christi
1376 2288 1441 2358 filii
1456 2285 1523 2358 Dei
1538 2289 1713 2372 officium,
1747 2303 1787 2358 ut
1809 2289 1914 2358 nobis
1930 2281 2125 2357 laberanti-

1136 2387 1203 2456 bus
1218 2400 1252 2458 et
1265 2388 1498 2466 morientibus
1511 2391 1664 2461 salvator
1678 2392 1875 2462 subveniat.
1927 2387 2048 2478 Quare
2062 2411 2125 2476 ego
2159 2445 2162 2452 .

1136 2502 1170 2562 et
1189 2511 1254 2578 pro
1270 2485 1335 2560 hac
1351 2493 1530 2576 doctrina,
1558 2515 1663 2583 quam
1682 2507 1768 2578 ate,
1800 2488 2003 2562 charissime
2018 2489 2124 2558 Prae-

1136 2602 1272 2680 ceptor,
1314 2592 1440 2678 didici,
1478 2607 1512 2664 et
1538 2617 1602 2682 pro
1626 2596 1692 2666 isto
1716 2609 1777 2664 tuo
1802 2593 1974 2682 singulari
1998 2591 2124 2674 officio,

1136 2715 1206 2785 quo
1228 2694 1334 2762 modo
1359 2707 1428 2764 tam
1449 2697 1584 2784 egregie
1609 2721 1649 2766 ex
1675 2695 1760 2788 ipsis
1781 2697 1941 2766 sontibus
1964 2693 2124 2764 consola-

1135 2793 1273 2865 tionum
1296 2819 1353 2863 rne
1375 2797 1575 2868 consolatus
1598 2799 1662 2880 sis,
1701 2821 1740 2866 ac
1767 2821 1831 2886 pro
1855 2795 2022 2865 omnibns
2045 2793 2125 2862 aliis

1136 2907 1169 2964 et
1191 2895 1360 2980 sedulis„
1379 2911 1454 2968 tum
1477 2898 1516 2968 in
1538 2923 1611 2983 me,
1650 2913 1725 2968 tum
1748 2900 1785 2967 in
1809 2899 1921 2967 filium
1945 2897 2124 2966 collocatis

1135 2995 1204 3065 tuis
1222 2997 1419 3084 beneficiis,
1451 3000 1518 3071 tibi
1538 3001 1707 3082 maximas
1721 3001 1847 3089 gratias
1862 3022 1943 3088 ago,
1977 3012 2011 3067 et
2034 3019 2124 3066 sem-

1136 3119 1328 3190 peragam,
1362 3116 1396 3171 et
1411 3103 1518 3172 orabo
1537 3101 1798 3187 indesinenter,
1828 3115 1868 3172 nt
1884 3095 1969 3170 haec
1986 3114 2045 3169 tna
2062 3100 2124 3168 be-

1135 3199 1257 3268 neficia
1282 3201 1363 3283 tibi,
1408 3205 1546 3293 tuisque
1569 3205 1731 3272 omnium
1763 3217 1881 3272 noster
1911 3201 2124 3290 benignissi-

1134 3323 1212 3368 mus
1238 3297 1344 3370 Pater
1373 3307 1564 3393 rependere
1595 3308 1772 3392 dignetur.
1831 3302 1976 3373 lnterim
2004 3315 2122 3370 tamen

1133 3425 1189 3470 me
1211 3415 1323 3471 totum
1347 3417 1426 3473 tuae
1452 3407 1682 3494 praestantiae
1706 3408 1817 3488 (ledo,
1851 3402 1987 3494 siquid
2011 3403 2047 3468 in
2065 3427 2121 3470 me

1134 3504 1239 3571 modo
1256 3515 1326 3585 est,
1358 3505 1489 3598 inquo
1512 3506 1579 3574 tibi
1601 3506 1753 3574 vicissim
1776 3501 1962 3594 gratificari
1986 3515 2121 3592 patero.

1132 3601 1243 3672 Porro
1258 3603 1344 3674 sciat
1360 3630 1500 3700 quoqne
1516 3605 1560 3680 T.
1574 3603 1632 3692 P.,
1666 3631 1722 3676 me
1745 3607 1784 3674 in
1805 3608 1900 3674 luctu
1916 3601 2046 3674 habere
2064 3629 2121 3676 so·
2161 3594 2164 3602 ¹

1132 3705 1224 3772 cium
1252 3709 1490 3776 venerandum
1521 3731 1637 3778 senem
1669 3722 1704 3778 et
1732 3710 1847 3776 virum
1879 3706 2119 3778 doctissimum

1132 3820 1271 3876 nostrae
1287 3801 1426 3878 scholae
1445 3824 1712 3893 ornamentum,
1736 3807 1781 3883 D.
1802 3807 1853 3880 M.
1868 3800 2032 3892 Petrum,
2058 3831 2120 3878 cu-

1131 3908 1185 3976 ins
1202 3931 1292 3978 uxor
1308 3924 1341 3977 et
1358 3912 1432 4001 ipsa
1448 3911 1570 4004 quinta
1587 3911 1646 3981 die
1671 3923 1749 4002 post
1772 3935 1884 3979 meam
1909 3911 1948 3980 in
1970 3909 2119 3978 domino

1130 4009 1347 4079 obdormivit
1362 4011 1609 4103 placidissime,
1631 4014 1727 4084 etita
1742 4011 1895 4082 invicem
1909 4013 2017 4080 modo
2033 4034 2118 4079 con-

1130 4111 1284 4180 dolendo
1298 4135 1363 4180 nos
1378 4114 1614 4190 consolamur.
1665 4111 1720 4184 De
1737 4115 1810 4183 filio
1833 4113 1981 4182 omnino
2003 4113 2118 4182 incer-

1129 4225 1185 4282 tus
1198 4235 1298 4298 sura,
1324 4213 1409 4306 qrrid
1427 4215 1568 4300 taciem,
1591 4215 1671 4286 ideo
1688 4240 1770 4300 eum
1786 4229 1900 4286 totum
1914 4227 1995 4286 tuae
2018 4237 2118 4304 prae·

1128 4314 1277 4384 stantiae
1291 4315 1484 4388 committo.
1535 4314 1625 4386 Nam
1641 4313 1731 4388 mibi
1746 4320 1788 4386 dc
1803 4317 1962 4406 contagio
1979 4315 2016 4384 in
2031 4315 2117 4385 meis

1128 4415 1274 4484 aedibus
1288 4415 1486 4508 timendum
1509 4419 1593 4504 erit,
1621 4419 1759 4491 tametsi
1780 4421 1919 4490 nullum
1941 4416 2046 4510 pestis
2068 4415 2116 4482 si-

1127 4538 1235 4602 gnum
1267 4516 1304 4586 in
1331 4541 1440 4590 uxore
1465 4515 1729 4611 deprehendere
1759 4521 1956 4610 potuimus,
1997 4531 2116 4588 tamen

1127 4617 1302 4684 occultum
1325 4619 1469 4712 aliquod
1496 4645 1670 4694 venenum
1692 4624 1799 4692 luisse
1824 4620 2042 4708 suspicamur
2059 4641 2114 4698 eo,

1126 4720 1220 4812 quod
1239 4743 1312 4788 non
1329 4722 1420 4791 ultra
1437 4723 1617 4794 octiduum
1636 4725 1788 4796 decubit.
1839 4716 2001 4790 Christus
2018 4715 2057 4790 P.
2069 4715 2113 4794 Τ.

1124 4815 1301 4888 Ecclesiae
1327 4846 1408 4892 snae
1433 4839 1467 4894 et
1489 4825 1591 4894 nobis
1613 4825 1779 4894 omnibus
1800 4823 1863 4890 diu
1891 4819 2112 4910 superstitem

1125 4932 1160 4988 et
1181 4920 1393 4990 incolumem
1417 4939 1615 5007 conservet,
1641 4921 1767 4994 Amen.
1819 4918 1968 5006 Orate,
1991 4923 2111 4990 obser-

1124 5022 1336 5088 vandissime
1353 5018 1456 5102 Dum.
1474 5025 1697 5116 Praeceptor,
1731 5037 1771 5093 ut
1786 5023 1946 5094 barbaris
1962 5023 2048 5092 meis
2066 5021 2111 5092 li·

1124 5122 1207 5191 teris
1228 5137 1260 5192 et
1285 5125 1468 5195 temeritati
1488 5151 1582 5194 meae
1598 5127 1671 5194 siva
1690 5125 1928 5218 impudentiae
1944 5125 2109 5214 ignoscat.

1122 5220 1218 5291 Bene
1240 5225 1350 5292 valeat
1365 5223 1409 5298 T.
1425 5225 1463 5302 P.
1509 5225 1619 5297 Datne
1642 5225 1841 5318 Narrnhnrgi
1868 5225 1925 5302 17.
1941 5223 2110 5298 Octobris

1121 5349 1216 5394 anno
1240 5323 1348 5398 1548.

1323 5425 1367 5502 Τ.
1383 5426 1422 5504 P.
1439 5429 1586 5499 omnino
1601 5431 1740 5502 deditus
1756 5431 1950 5522 discipulus
1988 5428 1991 5436 ’

1401 5539 1431 5588 ²
1749 5531 1915 5605 Nicotaus
1930 5527 2081 5606 Mentor.
