4890 6250
202 301 230 386 r
349 369 353 376 .
803 307 1296 392 ansanustttuau
1317 311 1450 394 taath
1505 311 1674 395 atat..

225 428 292 594 ξς
342 483 498 561 Lutherus
524 498 652 580 graviter
675 497 815 561 irascittn
838 493 957 560 Bucsrc
983 510 1106 582 propter
1131 496 1300 562 (termnum
1325 502 1363 563 de
1388 517 1485 564 auen
1505 519 1608 587 sacra,
1639 501 1675 560 tn
1703 503 1832 582 epistola
1859 501 1898 562 ad
1923 491 2151 585 Landgtatiuth
2175 483 2257 566 Has-

394 603 454 664 siue
475 603 654 685 expositam.

231 727 291 797 24·
342 733 418 800 ittet.
442 740 588 818 laetatur,
612 733 696 822 qnod
720 736 863 798 sibinen
887 735 1023 800 eundum
1046 736 1149 821 aitad
1171 749 1353 801 conventum
1377 733 1562 820 spirensem.

342 867 456 954 Magna
480 875 553 936 solis
577 871 706 953 eclipsis.

344 999 493 1089 Georgius
518 1001 648 1070 Sabinus
670 1016 795 1067 vocatur
819 1007 853 1065 in
878 1004 1078 1067 Academiam
1099 1004 1385 1090 Regicmcntauam.
1409 1045 1415 1052 ·
1524 999 1529 1004 ’

232 1139 292 1207 2⁵.
342 1136 547 1203 Melanthcnis
572 1139 720 1202 indicium
745 1139 782 1200 de
803 1145 949 1203 sententia
973 1137 1158 1224 Naogeorgii
1182 1143 1219 1204 de
1242 1147 1371 1226 peccatis
1396 1145 1571 1206 electorum.

216 1239 305 1304 Febr.

260 1350 293 1411 9,
343 1333 578 1421 Mel.1queritur
605 1338 642 1399 de
666 1341 741 1400 rixis
762 1333 893 1400 Lutheri
919 1359 989 1400 cum
1006 1336 1232 1406 Iurisconsultis
1253 1338 1427 1423 Witebsrg.
1453 1371 1502 1392 -
1553 1337 1729 1408 Editicnem
1754 1351 1894 1410 locorum
1914 1343 2009 1411 theol.
2034 1357 2063 1406 et
2090 1344 2259 1408 dialectices

393 1461 498 1504 rursus
520 1439 657 1504 adornat.
1460 1463 1465 1470 ·
2187 1453 2190 1460 '

235 1579 292 1648 14.
345 1569 501 1657 Crucigeri
522 1578 653 1639 narratio
680 1575 718 1666 de
743 1575 901 1637 acerbitate
926 1570 1058 1638 Lutheri
1082 1578 1117 1637 in
1134 1572 1380 1640 Irnisconsultos.

236 1717 289 1784 16.
344 1706 417 1772 Met.
444 1724 560 1775 enarrat
581 1712 649 1774 libr.
675 1707 718 1774 V.
744 1705 926 1774 Ethicorum
948 1705 1132 1776 Aristotelia.

233 1855 290 1918 18.
343 1840 472 1907 loannes
497 1843 684 1924 Fridericus,
710 1839 883 1906 Dux'Sax.
910 1841 1053 1924 Elector,
1075 1849 1167 1908 intrat
1192 1842 1323 1927 Spiram.

98 1993 102 2006 '
231 1990 291 2052 21.
344 1975 437 2042 Initia
461 1977 665 2043 Comitiorum
689 1975 886 2060 Spirensinm.

343 2109 416 2178 Mel.
443 2119 579 2200 queritur
599 2115 638 2176 de
662 2115 798 2176 moribus
823 2110 947 2192 Sabini,
973 2115 1075 2196 generi
1099 2117 1156 2176 sati.

218 2185 305 2254 um.

256 2298 289 2362 1·
343 2315 418 2384 Mel.
444 2322 572 2402 graviter
598 2324 732 2404 queritur
758 2317 796 2378 de
822 2319 955 2380 moribus
981 2312 1107 2396 Sabini,
1133 2319 1187 2401 qui
1212 2320 1353 2380 ancillam
1380 2324 1486 2382 uxoris
1512 2340 1582 2382 suaa
1606 2317 1764 2402 gravidam
1787 2319 1905 2381 fecerat.

342 2451 451 2516 Alesia
476 2457 579 2516 scribit
602 2456 835 2537 propositiones.

127 2599 132 2604 '
233 2573 288 2636 ¹3·
342 2587 497 2651 Praefatur
519 2593 553 2650 in
573 2591 685 2650 librum
711 2585 866 2651 Ciceronis
892 2587 929 2648 de
952 2595 1115 2649 senectute.

228 2706 288 2768 2⁰·
342 2719 463 2808 Laudat
484 2719 639 2800 Mauritii,
663 2719 759 2785 Ducis
784 2719 876 2801 sax„
900 2721 1035 2784 studium
1058 2725 1093 2782 iu
1120 2717 1345 2804 Imperatorem.

343 2855 513 2920 camerario
538 2859 659 2937 scribit,
686 2858 761 2942 quid
785 2859 876 2919 amici
900 2856 1100 2920 iudicaverint
1125 2857 1162 2919 de
1189 2859 1322 2922 editione
1347 2861 1487 2920 locorum
1512 2857 1608 2920 theol.
1632 2863 1704 2920 anni
1735 2859 1841 2928 1556.

231 2979 289 3045 25·
340 2989 447 3056 Narrat
472 2991 629 3054 historiam
654 2995 850 3056 comitiorum
873 2989 1062 3076 Spirensium
1087 3005 1118 3054 et
1144 3005 1309 3056 conventus
1334 2989 1564 3074 Theologorum
1587 2988 1711 3077 Lipsiae
1737 2993 1843 3055 babiti.

286 3125 288 3134 ’
340 3121 497 3209 Incipiunt
521 3123 677 3210 Epistulae
703 3127 742 3189 ad
765 3123 928 3190 Attanum
952 3125 1222 3203 Hurdcnbcrgiurra

200 3245 302 3333 April.

253 3359 286 3422 8·
339 3353 484 3436 Munera,
511 3355 589 3418 facta
614 3378 654 3417 ex
673 3360 783 3418 aleotm
806 3359 900 3440 figura
926 3358 1117 3420 cochlearum
1136 3360 1289 3439 accipiunt
1313 3353 1405 3436 Mea,
1433 3353 1615 3418 Pomeranus
1638 3370 1667 3419 et
1680 3353 1836 3420 Lutherus
1853 3361 1889 3418 ab
1906 3355 2033 3422 Alberto
2050 3356 2137 3421 Duce
2151 3357 2253 3424 Prusa.

253 3494 286 3557 9.
338 3491 596 3570 Wallenrodnm,
626 3492 761 3552 nobilem
787 3490 952 3571 Francum,
981 3507 1085 3575 rogat,
1119 3504 1153 3555 ut
1178 3492 1228 3556 det
1253 3479 1443 3572 Camerario,
1479 3496 1535 3555 iter
1556 3495 1588 3552 in
1614 3489 1638 3553 F
1641 3496 1770 3554 sanciam
1802 3495 1939 3574 facturo,
1975 3497 2088 3580 equites
2114 3497 2251 3573 comitas,

326 3644 336 3650 .
390 3599 461 3679 quia
479 3598 510 3656 ei
531 3596 640 3656 metuit
667 3597 705 3655 ab
723 3591 895 3678 Episcopis.

228 3733 284 3794 18.
337 3727 449 3793 Scribit
465 3723 648 3791 Academiae
661 3724 751 3810 Lips.
768 3727 805 3790 da
819 3730 1037 3812 compescendo
1054 3725 1209 3808 Gilberto,
1230 3733 1285 3812 qui
1303 3727 1445 3790 docebat:
1467 3727 1601 3789 divinam
1619 3741 1754 3790 naturam
1778 3733 1810 3791 in
1832 3728 1953 3794 Christo
1976 3752 2091 3812 passam
2113 3755 2185 3796 esse.

339 3859 486 3947 Georgius
507 3861 654 3943 Sabinus,
691 3885 781 3946 gener
796 3859 870 3927 Mel.
883 3866 1087 3942 „conductus
1107 3867 1144 3925 ab
1162 3861 1311 3942 Albertc,
1335 3860 1422 3924 Duce
1446 3860 1602 3942 Prussiae,
1628 3867 1826 3946 proficiscitur
1848 3863 1988 3948 Spiram,
2016 3881 2049 3928 ut
2074 3873 2249 3930 missionem

388 3981 470 4051 petat
495 3989 512 4028 a
535 3965 723 4030 Marchicne.

337 4097 461 4184 Lipsiae
487 4101 585 4163 editur
610 4124 627 4162 a
649 4099 820 4163 camerario
848 4105 943 4163 oratio
967 4100 1119 4184 Ziegleri,
1144 4122 1163 4162 a
1187 4097 1383 4162 Melanthone
1405 4106 1524 4184 scriptu.

228 4245 285 4307 21.
337 4230 490 4298 Lntherns
516 4238 555 4298 ad
579 4233 756 4319 Eperienses
781 4236 902 4297 scribit:
957 4233 1035 4315 „De
1060 4233 1105 4297 Μ.
1128 4232 1274 4317 Philippo
1300 4233 1407 4316 (Mel.)
1426 4235 1505 4298 mihi
1530 4240 1614 4298 nulla
1640 4251 1684 4298 est
1711 4243 1834 4299 omnino
1861 4241 1991 4314 suspicio
2017 4239 2129 4318 (ridel.
2156 4243 2247 4302 illum

388 4341 541 4402 deflectere
565 4362 582 4401 a
607 4336 739 4402 Lntheri
761 4343 907 4401 sententia
932 4339 969 4399 de
988 4361 1082 4401 coena
1108 4339 1224 4421 sacra),
1249 4359 1347 4422 neque
1370 4338 1407 4400 de
1427 4343 1491 4400 ullo
1518 4332 1692 4402 nostruin.”

225 4483 285 4544 22.
336 4470 487 4537 Medlerus
507 4488 631 4539 vocatur
655 4471 867 4556 Brnnsvigam.

224 4614 284 4678 80.
337 4603 502 4692 Georgius,
526 4605 671 4690 Princeps
695 4605 902 4688 Anhaltinus,
927 4611 1048 4690 eligitur
1073 4605 1245 4691 Episcopus
1267 4605 1530 4689 Merseburgensis.

215 4739 291 4912 Min
333 4832 413 4899 Loci
437 4837 604 4920 theologici
628 4838 757 4901 eduntur
781 4840 935 4940 uberiores
959 4850 988 4900 et
1013 4838 1179 4901 nitidiores.

247 4986 280 5052 5.
330 4971 412 5037 (inm
438 4967 514 5035 Iona
536 4975 734 5055 proficiscitur
758 4972 878 5037 Halam.

244 5121 280 5182 7.
332 5106 429 5171 Mittit
451 5106 614 5190 Crucigero
635 5131 812 5191 responsum
838 5113 871 5172 in
895 5112 1002 5172 itinere
1025 5113 1193 5191 scriptum,
1215 5108 1254 5170 ad
1277 5103 1380 5169 Duces
1405 5103 1599 5169 Pomeraniae
1625 5106 1664 5166 d'e
1690 5108 1837 5166 electione
1858 5099 2013 5186 Episcopi.

246 5255 279 5319 8.
331 5241 426 5305 Venit
450 5241 653 5326 Wimariam,
691 5244 797 5308 ductus
827 5266 846 5306 a
870 5249 935 5310 riae
961 5257 1178 5322 monstratore,
1214 5264 1305 5326 quem
1338 5248 1366 5303 ei
1399 5242 1518 5304 dederat
1550 5237 1678 5304 Senatus
1703 5235 1971 5320 Naumburgensis.
2006 5271 2057 5286 -
2108 5241 2245 5305 Habebat

378 5351 535 5428 negotium
560 5353 685 5410 tutelare
710 5351 744 5410 in
766 5371 854 5412 causa
878 5353 1042 5412 liberorum
1069 5344 1233 5411 Christiani
1257 5343 1369 5408 Baieri.

219 5493 274 5557 13.
323 5477 428 5546 Rediit
453 5477 672 5565 Witebergam.
