4890 6250
262 332 322 398 ιιι
770 301 1045 384 Annaeus
1077 297 1263 388 vitan
1296 299 1430 382 Mlti.
1484 305 1620 384 1644:
1657 307 1802 388 ‘tete

282 415 358 582 υἱὲ.
402 487 543 575 ῙᾸΡΙίΙω
555 489 752 573 proficiscitur
768 509 839 550 oum
854 485 941 554 Hier.
956 481 1109 549 Seburlb’o
1124 483 1163 546 ad
1175 485 1296 566 nuptiae
1311 481 1410 552 ΠΜ
1424 483 1598 558 mmm
1634 505 1637 512 .

296 631 360 700 24.
403 625 570 690 Academia
583 623 726 686 nonnihil
738 624 874 686 turbatur
888 622 1067 702 contagione
1083 619 1279 702 pestilentiae.

277 765 362 944 NS:
405 841 551 920 Hortatur
563 850 609 916 V.
625 849 824 914 Theodorum
838 862 873 914 ut
886 846 1019 912 Lutheri
1033 850 1283 912 commentarium
1300 850 1334 910 in
1349 843 1480 914 Genesin
1493 869 1616 936 prorsus
1629 865 1774 934 pertexat.

298 1012 357 1075 11,
403 986 505 1053 Iustus
520 983 609 1050 lones
622 985 802 1069 Witeberga
818 1007 940 1070 prorsus
956 985 1080 1047 discedit
1094 984 1133 1046 ad
1147 985 1303 1046 ecclesiam
1315 981 1488 1050 Halensem.

295 1146 354 1210 19.
404 1124 486 1208 Papa
499 1123 607 1186 indicit
622 1125 786 1184 concillum
804 1119 944 1184 'liidenti
959 1120 1131 1182 babendum
1146 1118 1185 1179 ad
1199 1118 1229 1179 d.
1249 1118 1308 1187 15.
1322 1115 1411 1183 Mart,
1435 1120 1542 1190 1545,

295 1285 357 1346 22,
405 1257 477 1322 Mel.
494 1269 609 1320 enarrat
625 1260 711 1340 epist.
730 1253 819 1320 Pauli
833 1257 871 1317 ud
883 1253 1051 1319 Romanos.
1535 1247 1538 1254 '

295 1417 353 1480 23,
404 1393 527 1458 Mandat
540 1390 682 1473 Princeps
698 1387 839 1466 Elector,
866 1405 901 1453 ut
917 1389 1071 1470 Theologi
1085 1383 1331 1469 Witebergenses
1348 1392 1584 1470 complectantur
1600 1390 1765 1450 doctrinam
1779 1383 1938 1472 Evangelii
1957 1391 2068 1474 scripto
2092 1389 2176 1476 quod
2196 1387 2316 1460 Caesari

453 1498 635 1583 incomitlis
648 1492 925 1559 Wormetiensibns
938 1494 1016 1555 tradi
1031 1495 1136 1575 possit.
1196 1487 1325 1574 Scripsit
1339 1495 1440 1577 itaque
1457 1489 1636 1582 Mplanffion
1657 1487 1931 1576 „reformationem
1949 1485 2247 1577 Wartergemeffl,
2279 1511 2314 1560 ut

453 1613 590 1666 vocatur·

293 1755 353 1820 25,
403 1733 558 1799 Praefatur
574 1737 607 1796 in
623 1733 787 1796 editionem
800 1725 905 1794 LXX
916 1724 1119 1813 interpretum
1133 1725 1346 1792 Besileensetn.

265 1885 360 2058 fosb·
405 1963 559 2029 Iudicium
574 1964 675 2026 scribit
692 1962 729 2024 de
742 1962 859 2044 syuodo
875 1957 988 2042 aI'apa
1002 1958 1125 2022 indicta.

293 2096 351 2158 19.
406 2098 585 2184 Philippum
599 2093 824 2178 Landgrarium
838 2107 943 2178 rogat,
971 2106 1005 2155 ut
1020 2094 1183 2156 intercedat
1196 2114 1252 2175 pro
1268 2088 1505 2172 Banmgertnero
1522 2086 1662 2155 Senatori
1678 2087 1839 2173 Norint„
1865 2108 1952 2177 capto
1966 2108 1996 2157 et
2008 2098 2041 2156 in
2056 2115 2171 2157 carcere
2186 2109 2316 2162 retento.

296 2231 356 2316 22.
404 2229 521 2335 Iudicat
538 2232 576 2294 de
591 2234 690 2294 usuris
706 2243 735 2292 et
750 2231 787 2293 de
801 2233 1000 2292 mutuatione.

292 2359 352 2428 24·
404 2366 509 2432 Pastor
524 2370 665 2429 eeclesiae
684 2362 831 2448 Cibiensis
842 2368 876 2426 in
891 2363 1049 2446 Hungaria
1062 2363 1193 2424 consulit
1206 2355 1384 2441 Tbeclogos
1398 2309 1644 2443 Witebergenses
1661 2361 1700 2423 de
1714 2361 1851 2425 doctrina
1863 2364 1901 2425 de
1917 2383 2009 2428 soene
2024 2385 2115 2428 sacra

404 2499 509 2565 Edidit
522 2502 583 2564 hoc
598 2521 676 2562 anno
692 2504 901 2564 annotationes
916 2503 950 2560 in
964 2495 1147 2581 Evangelia,
1176 2491 1310 2578 Georgio
1321 2493 1397 2558 Helt
1410 2494 1529 2559 dicatas.

403 2637 559 2704 Praefatur
573 2639 606 2698 in
619 2633 777 2719 Rubigelli
790 2633 1037 2720 Hodoepcricon.

1198 3063 1355 3143 ΔΝΝΟ
1392 3064 1526 3147 lota.

290 3195 355 3259 Ian.

319 3309 354 3368 1.
408 3309 562 3375 Praefatur
577 3311 611 3368 in
624 3304 761 3368 Terentii
777 3306 948 3368 comoedias
963 3326 981 3366 a
995 3301 1165 3368 Camerario
1181 3305 1310 3370 edendas
1323 3307 1360 3368 de
1373 3306 1509 3388 legendis
1523 3307 1684 3388 tragoediis
1699 3317 1730 3368 et
1745 3305 1922 3368 comoediis.

320 3434 353 3499 4·
408 3445 551 3528 Princeps
565 3440 686 3504 Elector
701 3443 795 3502 mittit
809 3440 847 3502 ad
862 3438 1108 3522 Witebergenses
1122 3437 1233 3501 Bucari
1249 3445 1392 3523 scriptum
1406 3441 1442 3502 de
1458 3422 1673 3504 reformatione
1687 3443 1837 3504 ecclesiae.

231 3605 236 3612 ·
322 3572 355 3636 6.
409 3579 482 3642 Fere
498 3579 527 3640 d.
545 3579 626 3646 6-
637 3583 694 3644 10.
711 3571 776 3638 Ian.
793 3572 979 3638 Camerarius
993 3587 1036 3636 est
1049 3573 1247 3658 Witebergae
1264 3577 1346 3658 apud
1366 3573 1602 3660 Melantbonem.

301 3703 359 3774 14.
409 3713 599 3779 Reformatio
620 3707 883 3792 Witebergensis‚
916 3723 950 3770 ut
971 3721 1112 3787 vocatur,
1144 3707 1372 3771 alilelmthone
1395 3715 1505 3793 scripta
1526 3715 1657 3776 mittitur
1676 3713 1713 3774 ad
1735 3707 1908 3791 Principem
1921 3703 2037 3787 Elect,
2068 3720 2098 3770 et
2121 3713 2212 3773 simul
2233 3710 2317 3772 iudi-

461 3821 561 3895 cium,
594 3836 632 3874 an
646 3812 790 3876 Pontifex
805 3811 898 3876 Rom.
914 3812 994 3895 apud
1007 3811 1163 3874 Caesarem
1178 3813 1360 3876 accusandus
1377 3817 1428 3875 sit.

299 3951 355 4014 16.
408 3949 551 4032 Princeps
563 3945 685 4009 Elector
702 3949 814 4011 indicat
829 3949 867 4009 de
881 3945 1109 4010 Reformatione
1127 3946 1364 4031 Witebergensi.

408 4083 582 4168 Spalatinns
597 4085 742 4148 mouitnr.

305 4225 361 4287 18.
409 4217 549 4280 Vocatur
562 4215 741 4279 lllelantbon
758 4237 776 4276 a
791 4211 878 4275 Duce
893 4211 1122 4298 Wiirtemberg.

359 4369 363 4376 '
410 4353 536 4416 Enarrat
547 4349 697 4414 Electram
713 4348 887 4433 Sophoclis.

299 4493 360 4556 20.
411 4449 566 4554 Pontenus
582 4487 827 4548 reformationem
841 4481 1018 4567 Witeberg.
1033 4483 1167 4547 defendit
1181 4486 1321 4548 adversus
1336 4483 1484 4551 Electoria
1496 4507 1663 4550 censuram.

303 4622 362 4690 26.
411 4622 537 4687 Enarrat
549 4626 582 4685 in
597 4622 699 4684 schola
713 4641 833 4684 carmen
846 4613 952 4684 Ioach.
970 4617 1176 4686 Gammerarii.

278 4856 365 4919 Febr.
412 4849 540 4916 Ineunte
552 4850 642 4914 Febr.
658 4819 807 4931 prodeunt
821 4851 1024 4909 enarrationes
1038 4852 1156 4933 aliquot
1171 4851 1319 4910 librorum
1337 4845 1536 4927 Ethicorum‚
1563 4871 1636 4934 quas
1649 4850 1728 4912 dicat
1742 4845 1882 4910 Amoldo
1898 4847 2044 4912 Burenio.

330 4997 365 5058 7.
414 4988 546 5054 Censura
560 4983 745 5066 Landgrarii
760 4995 789 5044 et
804 4983 867 5042 eins
882 4978 1113 5064 Theologcrnm
1127 4983 1164 5046 de
1178 4981 1408 5048 Reformatione
1421 4981 1593 5066 Witeberg.

304 5129 360 5194 17.
413 5123 502 5189 Iussu
516 5119 665 5202 Principis
682 5115 929 5178 deliberationem
942 5115 979 5178 de
993 5121 1208 5213 instauratione
1225 5117 1429 5184 Ecclesiarum
1446 5122 1534 5184 vertit
1550 5122 1582 5180 in
1599 5122 1736 5202 lingnam
1747 5122 1882 5182 latinam.
1909 5151 1961 5165 -
1995 5115 2090 5181 Mittit
2103 5119 2271 5179 orationem
2286 5115 2325 5176 de

464 5224 593 5288 Basilio.
1160 5217 1163 5224 ’

277 5361 369 5426 Mart.
414 5359 541 5425 Ineunte
556 5355 668 5427 Marde
685 5349 840 5434 Theolcgi
854 5352 975 5424 Witeb.
989 5357 1171 5438 respondent
1185 5361 1224 5422 ad
1237 5381 1392 5423 censuram
1406 5354 1601 5441 Landgrarii.

332 5497 366 5565 6·
415 5493 569 5561 Praefatur
585 5493 620 5554 in
637 5485 729 5552 Tou.
745 5481 772 5550 Ι.
794 5509 920 5572 operum
932 5494 1053 5557 latinor.
1069 5488 1210 5556 Lutheri.
