4864 6244
316 310 389 386 771

319 485 504 579 quaeritur
517 491 646 561 veritas
669 490 743 562 illis
755 491 887 564 fucosis
903 491 1120 578 actionibus,
1146 516 1212 562 nec
1227 515 1313 562 con-

198 619 212 662 ·.
320 589 450 660 sulitur
463 593 552 683 paci.
583 593 681 664 Bene
694 607 729 666 et
746 594 899 666 feliciter
912 595 1002 668 vale.
1039 592 1290 669 DieSolsticii.

970 777 1066 856 Phil.
1089 777 1265 854 Melanth.

347 1023 374 1030 ο-
386 1021 544 1032 ι--υ--ἀ-μ-
570 1023 943 1036 -ο-..ω-σι--ὰ--α-μκ-η-κ-..ω-
954 1024 1318 1036 mnan—.-m

325 1186 391 1261 No.
408 1189 522 1262 0000.

333 1282 506 1311 Μ

1163 1202 1220 1268 15.
1240 1191 1310 1257 Iun.

1140 1286 1314 1316 Μ

646 1461 650 1468 .
749 1387 933 1473 Ν.Ν..

396 1545 414 1611 1·
434 1542 470 1595 Er
481 1561 574 1615 apogr.
588 1543 617 1597 iu
630 1543 694 1600 cod.
706 1543 793 1600 Paris.
808 1547 843 1603 D.
857 1546 886 1605 L.
901 1547 934 1599 bl
943 1547 961 1602 ³.
979 1573 1015 1584 -·
1050 1541 1098 1600 Est
1108 1543 1220 1617 epistola
1233 1541 1319 1596 aMe·

308 1647 313 1654 ·
363 1683 366 1690 ,
431 1612 562 1667 lautboue
576 1616 740 1686 praescripta
753 1617 898 1688 discipulo.

588 1765 802 1844 Reuerendo
829 1773 906 1845 viro
931 1769 983 1850 N.
1008 1767 1061 1848 N·

326 1879 645 1976 Reverendissime
659 1904 815 1977 Domine
831 1922 866 1977 et
881 1921 1005 2000 patrue
1018 1905 1206 1977 carissime.
1244 1902 1320 1972 To-

327 2016 366 2071 to
381 2019 524 2094 pectore
545 2008 614 2076 tibi
628 2009 755 2097 gratias
768 2033 832 2099 ago
848 2035 913 2101 pro
928 2025 989 2080 tua
1004 2022 1149 2100 paterna
1164 2030 1244 2097 erga
1261 2030 1319 2074 me

326 2104 477 2194 pietate,
504 2122 540 2178 et
561 2110 705 2179 annitor
727 2113 825 2180 omni
848 2113 983 2196 studio,
1009 2126 1048 2182 ut
1071 2134 1149 2180 mea
1165 2110 1319 2199 diligen-

327 2206 376 2276 tia
394 2208 432 2278 in
448 2210 617 2282 discendo
634 2226 668 2282 et
683 2213 762 2284 aliis
778 2209 936 2284 honestis
952 2215 1076 2284 officiis
1091 2226 1172 2284 tuae
1188 2213 1318 2281 volun-

326 2309 390 2378 tati
419 2315 649 2402 respondeat,
686 2338 747 2399 ac,
779 2313 856 2386 Deo
880 2319 1007 2402 dante,
1048 2315 1247 2408 perficiam,
1277 2326 1318 2382 ut

324 2433 400 2480 non
415 2413 536 2483 fallam
553 2417 827 2507 expectationem
844 2421 887 2490 de
905 2444 961 2490 me
979 2434 1088 2490 tuam.

426 2513 545 2587 Multa
569 2513 627 2588 hic
649 2543 742 2589 nova
762 2521 937 2592 feruntur.
988 2519 1135 2592 Certum
1154 2530 1206 2588 est
1220 2514 1318 2586 Tur-

324 2614 417 2685 cicos
441 2617 616 2704 latrones,
649 2623 712 2715 qui
741 2637 826 2693 snut
852 2621 994 2709 Budae,
1027 2622 1216 2714 populatos
1244 2642 1318 2688 esse

324 2715 489 2812 styriam,
502 2734 537 2790 et
552 2724 683 2794 multos
697 2726 855 2817 captivos
869 2728 1042 2796 abductos
1052 2739 1085 2794 et
1093 2723 1196 2794 2000
1203 2718 1317 2812 Equi-

323 2831 400 2888 tum
433 2823 608 2894 trucidata
641 2851 726 2900 esse.
783 2821 984 2896 Sodoletus
1009 2825 1211 2898 Cardinalis
1243 2825 1315 2894 duo

323 2922 454 3013 oppida
476 2938 511 2994 et
535 2926 672 3020 aliquot
691 2951 800 3020 pagos
821 2953 897 2999 non
919 2929 1046 3021 procul
1070 2931 1116 2998 ab
1134 2925 1315 2998 Avinione

321 3022 526 3123 iuravit(?)
536 3023 572 3123 *)
589 3028 733 3100 incendi
749 3045 784 3102 et
799 3031 969 3102 trucidari
983 3033 1132 3123 puberes
1147 3044 1182 3099 et
1197 3029 1316 3120 impu·

319 3127 422 3198 bores
437 3144 624 3220 propterea
640 3134 737 3224 quod
750 3130 930 3214 Ecclesiae
952 3136 992 3204 in
1013 3159 1052 3204 ea
1067 3133 1212 3223 regione
1228 3155 1314 3200 con-

321 3227 465 3300 stitutae
496 3233 638 3303 fuerant
669 3237 714 3304 ad
737 3237 887 3308 formam
909 3235 1101 3308 Beruensis
1122 3233 1313 3318 Ecclesiae,

320 3355 410 3424 quae
432 3333 564 3404 dicitur
577 3336 709 3407 sentire
730 3363 811 3408 cum
829 3339 960 3411 nostris
975 3336 1154 3412 Ecclesiis.
1204 3335 1314 3406 Prae-

317 3431 401 3504 fecti
416 3433 559 3504 Turcici
574 3441 774 3521 concedunt
795 3442 834 3510 in
848 3441 1006 3532 Ungaria
1019 3442 1171 3534 populo,
1196 3453 1238 3510 ut
1249 3463 1314 3508 vo·

320 3550 401 3606 cent
420 3533 584 3608 Pastores
604 3535 845 3613 Ecclesiamm
873 3569 937 3614 suo
963 3545 1117 3626 iudicio,
1151 3541 1313 3613 etmulti

318 3649 506 3723 vocantur,
524 3640 829 3734 quipuredocent
842 3644 1088 3737 Evangelium.
1139 3641 1194 3714 Ac
1208 3668 1313 3736 prae-

317 3738 401 3808 fecti
421 3740 642 3813 securitatem
668 3746 753 3838 ipsis
775 3751 1001 3841 promittunt.
1059 3745 1102 3818 In
1125 3749 1214 3820 urbe
1238 3736 1312 3817 Co-

319 3861 412 3909 rona
430 3842 527 3914 docti
541 3845 609 3916 viri
627 3849 732 3918 etiam
748 3848 1037 3946 typographicam
1051 3851 1229 3922 officinam
1253 3851 1311 3920 in-

317 3955 540 4032 struxerunt,
565 3962 599 4018 et
612 3974 709 4022 nunc
725 3957 902 4025 excudunt
916 3979 1038 4045 graece
1053 3955 1224 4046 scriptum
1239 3951 1309 4024 Ca-

314 4040 543 4132 techismum,
567 4066 608 4122 ut
629 4076 754 4142 puram
770 4053 955 4146 Evangelii
977 4058 1175 4128 doctrinam
1199 4056 1239 4124 in
1254 4055 1309 4124 vi-

315 4147 413 4217 cinas
432 4165 571 4238 gentes,
599 4179 689 4246 quae
712 4179 835 4246 graeca
866 4160 987 4248 lingua
1019 4173 1190 4244 utuntur,
1222 4183 1308 4250 pro·

252 4318 254 4330 ,
315 4271 443 4341 pagare
462 4254 611 4343 possint.
662 4253 863 4335 Beuevale.
914 4259 1073 4332 DieViti
1091 4257 1200 4334 1545.

900 4447 1055 4524 Praescr.
1072 4444 1255 4543 Philippo.

320 4673 646 4690 *man—*—
652 4685 661 4690 .
667 4682 1014 4698 -..Ἣ
1022 4689 1303 4702 --u-——u—

313 4813 516 4912 'noeane

310 4929 519 4966 m

1144 4859 1279 4927 24.Iun.

1127 4950 1299 4981 m

674 5049 735 5140 M.
767 5049 942 5141 Colono.

378 5197 457 5270 †Er
474 5219 569 5278 apogr.
590 5204 619 5260 iu
638 5209 702 5264 cod.
720 5209 806 5267 Paris.
825 5212 860 5269 D.
878 5213 910 5270 b.
928 5215 988 5270 ⁵4³.

307 5373 535 5389 m

284 5467 287 5478 ³
341 5496 371 5563 ¹⁸¹)
390 5499 518 5552 iuravit?
533 5501 675 5558 Portasset
691 5506 782 5562 iussit.
876 5495 883 5502 ”

911 313 1353 393 EPISTOLARUM
1406 312 1514 392 blB.
1536 313 1602 393 IX.
1655 315 1791 398 toto.

2263 341 2323 414 tta

1384 481 1584 582 Magistro
1608 483 1837 564 Mattiaco
1863 484 2059 570 Collina
2083 499 2123 571 in
2147 499 2315 584 Academia

1775 587 1971 690 Progressi.

1367 701 1412 794 S.
1437 719 1483 795 D.
1535 715 1908 808 ClarissimeColline.
1958 732 2062 806 Hanc
2078 737 2330 830 epistolamscri-

1368 827 1425 917 psi
1447 823 1504 893 die
1518 821 1715 918 Baptistae,
1737 833 1890 922 collegae
1912 839 2044 922 nostri,
2072 841 2131 933 qui
2152 843 2331 918 instauravit

1370 923 1556 1016 Evangelii
1578 928 1713 1014 lucem,
1756 957 1836 1003 cum
1857 937 1952 1008 filius
1973 937 2041 1009 Dei
2064 965 2100 1010 se
2121 944 2230 1034 palam
2250 951 2332 1019 terris

1371 1051 1410 1097 ac
1432 1029 1553 1117 generi
1575 1025 1731 1100 humano
1753 1040 1963 1114 ostenderet.
2021 1041 2223 1134 Cogitabam
2247 1050 2332 1138 igitur

1372 1131 1528 1220 pericula
1550 1135 1664 1202 nostri
1688 1127 1845 1223 ordinis,
1870 1141 1952 1210 illos
1966 1167 2122 1214 summos
2139 1149 2229 1219 viros
2239 1165 2332 1222 mente

1371 1233 1535 1316 intuens,
1568 1258 1608 1303 ac
1638 1261 1694 1305 me
1716 1239 1808 1308 fama
1836 1243 1879 1310 de
1904 1243 2057 1340 discessu
2082 1236 2216 1320 Caroli
2240 1255 2333 1345 quinti

1373 1331 1599 1425 Imperatoris
1615 1360 1654 1404 ex
1670 1355 1867 1428 conventu,
1892 1349 1955 1439 qui
1969 1350 2038 1418 fuit
2054 1350 2092 1420 in
2104 1353 2334 1446 urbeVangio-

1372 1460 1475 1520 num,
1502 1450 1541 1507 ut
1559 1432 1645 1506 haec
1663 1444 1830 1514 attentius
1846 1450 2057 1538 cogitarem,
2081 1471 2244 1532 moverat.
2281 1457 2335 1527 Po·
2397 1479 2398 1548 t

1370 1539 1512 1609 stulavit
1528 1537 1677 1610 Carolus
1694 1544 1902 1636 imperator,
1920 1563 1960 1623 ut
1975 1555 2089 1624 nostri
2105 1559 2337 1648 promitterent
2397 1559 2398 1626 f

1370 1665 1406 1709 se
1424 1644 1657 1732 permissuros
1681 1648 1917 1736 cognitionem
1948 1653 2096 1750 Synodo
2123 1659 2336 1746 Tridentinae,

1370 1767 1408 1811 ac
1423 1745 1596 1828 ostendit,
1621 1768 1657 1814 se
1673 1763 1895 1833 curaturum,
1921 1769 1961 1825 ut
1975 1782 2031 1827 res
2044 1759 2279 1834 iudicarentur
2290 1787 2336 1854 per

1369 1839 1532 1914 homines
1555 1847 1723 1934 delectos,
1749 1876 1823 1922 nou
1846 1878 1909 1945 per
1924 1856 2130 1933 Romanum
2146 1863 2336 1936 Pontificem.

1370 1944 1489 2015 Nostri
1507 1943 1563 2015 bis
1582 1953 1762 2040 promissis
1777 1979 1850 2026 non
1867 1961 1944 2028 ausi
1956 1977 2040 2033 sunt
2055 1965 2177 2040 fidere.
2222 1965 2336 2036 Disces-

1369 2049 1416 2118 sit
1439 2049 1548 2139 igitur
1571 2049 1660 2142 lmp.
1681 2052 1848 2143 Carolus,
1881 2075 1917 2131 et
1938 2081 2137 2138 conventus
2159 2089 2336 2162 xerocepu

1369 2145 1447 2244 ῳὴν
1468 2147 1591 2237 habet,
1617 2169 1658 2224 ut
1672 2159 1798 2244 audio,
1822 2161 2005 2240 incertam.
2058 2167 2133 2240 Sed
2154 2169 2262 2242 Deum
2277 2193 2337 2240 ore-

1370 2275 1466 2339 mus,
1491 2267 1532 2323 ut
1546 2251 1739 2329 Ecclesiam
1753 2261 1821 2332 sibi
1839 2266 1999 2356 colligat,
2025 2288 2143 2344 servet
2160 2289 2194 2346 et
2213 2287 2306 2364 regat.

1469 2351 1577 2426 Hunc
1596 2352 1805 2432 Iohannem
1832 2366 1899 2436 tibi
1922 2377 2149 2446 commendo.
2199 2371 2335 2466 Comperi

1368 2455 1463 2524 enim
1479 2459 1575 2528 bono
1593 2461 1736 2551 ingenio
1754 2469 1953 2557 praeditum
1969 2497 2060 2561 esse,
2089 2492 2124 2548 et
2144 2475 2281 2548 feliciter
2293 2475 2335 2544 di·

1368 2559 1493 2629 dicisse
1515 2584 1597 2632 eum
1621 2589 1676 2634 res
1701 2562 1875 2644 honestas.
1930 2571 2007 2666 lpse
2029 2581 2155 2650 statim
2179 2579 2333 2665 intelliges,

1367 2686 1475 2754 quare
1492 2688 1572 2733 eum
1590 2670 1830 2760 complectere.
1883 2673 2086 2751 Foveamus
2101 2698 2252 2754 nostrum
2270 2702 2332 2770 grt-

1366 2785 1463 2853 gem,
1489 2760 1558 2834 hoc
1585 2783 1636 2838 est
1660 2765 1821 2844 homines
1835 2776 1941 2848 bonis
1961 2780 2116 2872 ingeniis
2132 2785 2292 2878 praeditos
2309 2791 2335 2848 et

1367 2867 1521 2937 excultos
1549 2868 1661 2940 literis
1690 2899 1730 2944 ac
1764 2878 2050 2954 circumferentes
2074 2889 2267 2958 doctrinam
2286 2881 2335 2952 filii

1364 2964 1433 3035 Dei
1455 2993 1494 3037 ac
1515 2971 1749 3063 celebrantes,
1785 2994 1826 3050 ut
1853 2979 2013 3075 Baptista
2045 2991 2260 3072 celebrabat,
2286 3006 2334 3054 uec

1364 3070 1567 3158 frangamur
1587 3077 1735 3164 animis,
1767 3083 1903 3154 etiamsi
1925 3089 2086 3178 pericula
2109 3101 2335 3185 proponantur.

1364 3169 1529 3245 Servabit
1544 3177 1638 3245 enim
1655 3179 1753 3250 Deus
1770 3180 1965 3259 Ecclesiam
1979 3214 2095 3268 suam.
2149 3193 2244 3266 Bene
2259 3190 2334 3261 etle-

1363 3273 1479 3344 liciter
1494 3277 1583 3351 vale.
1611 3279 1722 3356 1545.

1460 3985 1544 4060 Epist.
1560 3987 1609 4044 lib.
1617 3989 1650 4045 ll.
1665 4011 1692 4062 p.
1709 3993 1767 4049 190.
1785 3995 1862 4064 (edit.
1876 3996 1967 4058 Lond.
1980 4000 2028 4058 lib.
2042 4004 2080 4061 ll.
2097 4025 2143 4078 ep.
2159 4009 2241 4074 too).

1496 4141 1550 4216 D.
1579 4141 1753 4244 Georgi
1759 4177 1780 4222 o
1806 4147 1977 4252 Principi
2001 4158 2042 4230 in
2071 4159 2227 4236 Anhalt

1357 4270 1399 4360 S·
1426 4289 1472 4366 D.
1530 4291 1772 4388 illustrissime
1802 4291 1993 4396 Princeps,
2045 4308 2137 4382 Scio
2169 4312 2209 4388 C.
2230 4309 2270 4380 V.
2288 4325 2333 4376 811⁰

1357 4393 1563 4483 gravissimo
1580 4398 1715 4470 iudicio
1730 4403 1847 4472 favere
1862 4407 2045 4479 laboribus
2061 4417 2248 4487 edentium
2264 4414 2335 4481 bona

1357 4496 1497 4588 scripta.
1526 4497 1610 4569 ldeo
1625 4502 1770 4573 brevius
1779 4507 2004 4580 scribendum
2018 4538 2098 4586 esse
2114 4519 2246 4590 censui.
2267 4508 2337 4583 Nul-

1357 4599 1413 4668 lus
1433 4612 1549 4669 autem
1572 4599 1753 4695 Propheta
1776 4619 1848 4676 tam
1872 4613 2031 4684 obscuris
2061 4631 2098 4689 et
2124 4609 2336 4712 praeposteris

1356 4700 1642 4775 enarrationibus
1667 4711 1926 4784 contaminatus
1949 4715 2017 4787 fuit
2039 4733 2129 4791 ante
2159 4719 2244 4792 haec
2265 4733 2338 4789 ten-

1356 4827 1461 4893 pora,
1485 4819 1527 4875 ut
1542 4802 1686 4881 Hoseas.
1739 4809 1859 4900 Quare
1880 4817 2008 4888 merito
2028 4825 2281 4908 gratulandum
2299 4825 2339 4883 esi

1355 4901 1533 4976 Ecclesiae
1554 4905 1643 4991 Dei,
1669 4917 1765 5006 quod
1787 4939 1884 4986 nunc
1902 4915 1971 4988 Dei
1990 4923 2191 5008 beneficio,
2220 4919 2338 4995 erudita

1355 5021 1390 5076 et
1406 5008 1542 5080 sincera
1558 5011 1802 5106 interpretatio
1819 5019 1945 5091 editur.
1998 5021 2108 5098 Hanc
2125 5028 2264 5120 collegit
2280 5015 2316 5097 V
2312 5015 2338 5087 i·

1242 5141 1249 5154 ·
1354 5117 1414 5178 tus
1437 5105 1724 5208 Noribergensis
1745 5141 1875 5208 magno
1897 5125 2038 5213 labore,
2078 5145 2115 5202 et
2141 5119 2338 5203 celsitudini
2397 5193 2398 5208 .

1354 5211 1499 5285 Vestrae
1516 5219 1673 5288 dedicari
1689 5217 1868 5320 votuic*)‚
1894 5227 2032 5324 fuitque
2058 5233 2094 5301 ei
2116 5228 2274 5306 hortator
2293 5225 2338 5296 vit

1353 5379 1562 5398 ..ξ-.-

1385 5453 1415 5524 *i
1438 5453 1494 5530 „¹¹¹
1514 5455 1630 5510 Hostem
1651 5459 1809 5530 prophetam
1830 5467 1866 5522 D.
1891 5465 2003 5523 Martini
2021 5468 2141 5526 Lulberi
2166 5468 2294 5526 enarratio
2310 5465 2337 5518 ab

1417 5525 1477 5597 ipso
1497 5525 1525 5579 iu
1545 5527 1661 5596 publicis
1676 5528 1839 5587 lectionibus
1852 5535 1949 5592 tradita
1964 5549 1991 5593 et
2003 5551 2103 5611 postea
2116 5543 2269 5614 recognita,
2286 5537 2336 5592 rol·
