4864 6244
295 317 370 391 887
657 371 662 382 ,
874 309 1315 390 EPISTOLARUM
1375 309 1483 389 LlB.
1519 313 1583 390 tx,
1639 309 1769 388 1545.
2245 321 2301 396 888

300 501 446 582 propter
461 512 570 579 genus
588 489 761 560 sermonis
783 503 817 560 et
836 511 908 560 res:
933 491 994 558 sed
1011 490 1097 558 libri
1119 490 1298 578 magnitu-
1348 484 1436 560 Deo.
1469 485 1566 558 Haec
1582 512 1662 558 cnm
1680 489 1869 559 scriberem
1884 502 1957 558 erat
1971 513 2109 560 mecum
2125 491 2302 584 quispian²)

301 595 348 662 do
372 617 447 662 non
469 593 633 682 congruit
655 593 727 662 illis
750 588 901 664 Scholis.
954 592 993 663 Si
1016 594 1101 685 quid
1119 580 1297 662 Caesaris
1349 615 1389 658 ex
1407 589 1516 680 Regis
1532 585 1732 662 Feraaadi
1753 593 1897 677 scribis,
1922 593 1984 684 qni
2007 593 2179 674 adfirmat,
2204 591 2307 663 Tucci-

301 695 410 764 velles
433 695 677 786 interpretari,
703 697 847 764 mallem
868 695 955 764 belli
977 696 1092 764 civilis
1111 691 1296 766 historiam
1350 719 1431 782 cum
1456 708 1648 788 tyrannum
1673 695 1834 786 proxima
1858 708 1986 766 aestate
2008 697 2231 764 adducturum
2252 720 2308 766 esse

300 797 471 889 proponi,
497 821 605 890 quam
622 798 708 868 belli
722 793 871 882 Gallici,
897 798 979 890 qnia
998 821 1113 868 senno
1126 800 1165 866 in
1179 812 1299 890 poste·
1350 797 1528 884 ingentem
1546 798 1737 868 exercitum
1755 798 1794 865 in
1806 797 2042 878 Pannoniam,
2069 821 2108 866 ac
2123 798 2240 886 legatos
2248 787 2310 866 Ca-

301 901 458 970 rioribus
481 901 554 970 illis
576 900 677 970 libris
701 903 745 969 de
770 901 864 970 bello
881 901 979 968 civili
1002 901 1144 993 planior
1164 916 1197 970 et
1216 901 1298 970 dul·
1351 896 1426 968 roli
1443 901 1532 990 lmp.
1550 915 1584 970 et
1601 901 1752 970 aliorum
1762 898 1902 989 Regum
1918 900 2032 970 teneri
2048 915 2206 993 tanquam
2220 904 2310 992 capti-

303 1002 456 1076 ciorest.
509 1000 553 1070 ln
567 997 718 1072 Iustino
735 1018 770 1073 et
784 1027 839 1072 res
856 1004 1002 1072 mutilae
1027 1019 1127 1087 sunt,
1152 1018 1185 1073 et
1202 1000 1298 1074 Ora·
1350 1027 1423 1086 vos,
1449 1027 1514 1070 nec
1531 1003 1870 1093 aliterrespondisse
1887 1017 2097 1096 tyrannum,
2124 1003 2186 1071 nisi
2203 1003 2311 1072 scillas
2391 1024 2392 1056 t

301 1105 352 1173 tio
370 1105 478 1174 nimis
496 1105 625 1178 brevis.
678 1105 748 1175 Sed
765 1119 883 1176 tamen
904 1101 995 1174 mihi
1013 1107 1126 1197 placet
1144 1099 1301 1199 Georgii
1350 1106 1388 1174 in
1403 1106 1572 1174 comitatu
1588 1129 1705 1174 secum
1722 1106 1759 1173 in
1774 1103 1997 1174 Pannoniam
2013 1107 2230 1174 reducturum
2245 1129 2310 1177 esse.
2391 1101 2392 1154 l

302 1207 508 1292 consilium,
543 1207 626 1299 quia
650 1209 757 1276 series
779 1203 1071 1278 Monarchiarum
1097 1224 1131 1278 et
1152 1206 1299 1298 Regno·
1452 1207 1619 1300 Synodus
1633 1203 1670 1275 T
1671 1203 1858 1276 rideatiaa
1876 1208 2043 1298 dissipata
2061 1221 2122 1280 est.
2163 1205 2311 1278 Beneva-
2390 1213 2392 1342 p

300 1333 382 1380 rum
401 1311 452 1379 ibi
467 1309 619 1378 indicari
634 1324 759 1400 potest.
811 1309 959 1394 Malim,
985 1305 1197 1380 Salustium
1213 1335 1297 1401 pro-
1349 1309 1393 1382 le.
1447 1309 1605 1380 Salutem
1622 1323 1707 1402 opto
1724 1308 1767 1383 D.
1785 1309 1933 1381 Doctori
1948 1305 2111 1378 Antonio
2133 1305 2231 1382 [545.

301 1413 401 1502 poni.
462 1408 505 1480 ln
522 1406 700 1481 Suetonio
721 1427 875 1506 quatuor
890 1411 1056 1482 Caesares
1079 1429 1181 1498 sunt,
1207 1439 1296 1506 quo·
2001 1442 2042 1518 p·
2065 1439 2270 1515 Melamhon·
2391 1439 2392 1502 j

303 1538 384 1582 rum
402 1514 507 1584 lectio
523 1514 623 1584 utilis
638 1529 706 1600 est,
733 1513 858 1599 lulius,
885 1512 1085 1604 dogustus,
1108 1515 1295 1606 Vespasia-

301 1639 389 1702 nus,
414 1615 539 1701 Pater,
563 1631 597 1686 et
611 1615 736 1702 Titus,
760 1618 867 1688 filius.
930 1615 972 1686 ln
988 1619 1132 1688 caeteris
1148 1621 1295 1688 obscoe-

301 1719 395 1788 nitas
411 1719 518 1786 nimis
531 1743 658 1809 magna
677 1733 739 1793 est.
804 1717 949 1790 Utinam
966 1708 1196 1816 Cuspiaiaai
1207 1718 1296 1792 Cae-

301 1843 395 1890 sares
411 1821 605 1910 germanici
621 1822 760 1890 meliori
782 1845 907 1909 genere
925 1817 1108 1892 Orationis
1128 1824 1294 1912 descripti
1360 1860 1414 1930 No
1441 1861 1541 1930 33¹2
2178 1873 2218 1934 ,6
2240 1837 2305 1927 Nm·

301 1936 426 1996 essent.
478 1921 619 1992 Horum
642 1918 812 1994 historiae
834 1918 1158 1996 reshabentaobis
1180 1927 1295 1994 utiles.
1354 1910 1567 1994 *2422
2166 1911 2310 1990 ulw'

299 2021 427 2095 Ettuit
437 2025 548 2096 virtus
559 2025 598 2092 in
615 2025 981 2115 nostrisPrincipibus
998 2029 1120 2111 maior,
1138 2053 1244 2120 qnam
1256 2029 1293 2096 in
1711 2038 1985 2170 (stadt-⁰828)

302 2123 450 2195 Graecis
468 2139 530 2194 aut
542 2123 727 2200 Romanis.
769 2123 922 2196 Pulchre
936 2130 1064 2220 scripta
1082 2145 1132 2202 est
1146 2127 1291 2199 historia
1957 2126 1966 2146 ⁶

299 2228 410 2298 cladis
429 2227 622 2297 Varnensis
637 2253 657 2297 a
673 2228 853 2321 Scriptorc
867 2233 1017 2318 recenti,
1042 2228 1135 2302 hanc
1151 2247 1293 2323 propter
1448 2238 1556 2311 Scripta
1574 2237 1651 2310 pubt.
1669 2236 1756 2292 brad.
1774 2236 1903 2292 Wtaeb.
1922 2237 1956 2296 T.
1970 2237 1992 2292 t.
2012 2257 2040 2310 p.
2055 2239 2116 2296 189.

299 2353 355 2400 res
372 2343 404 2400 et
420 2353 530 2420 genus
547 2333 720 2401 sermonis
736 2355 838 2424 posse
855 2334 989 2402 utiliter
1006 2337 1159 2428 proponi
1174 2336 1293 2405 existi-

297 2457 369 2507 mo·
421 2431 580 2502 genev·
631 2431 976 2512 DieNabLuffieri·
1393 2387 1596 2492 Philippus
1629 2387 1862 2464 Melanthoa
1906 2390 2276 2490 (Scholasticis.)

1347 1693 2125 1703 -u———-——-·-—-—--————-—--—--—-—a-—-——
2133 1690 2307 1702 -ο--ι--ι-υ

1130 2535 1225 2609 Phil.
1345 2516 1593 2626 Tempestates
1610 2535 1799 2624 significari
1823 2535 1941 2626 positu
1957 2535 2162 2619 stellarum,
2192 2529 2308 2604 hocan-

1347 2664 1393 2708 no
1418 2637 1618 2708 illustribus
1635 2637 1802 2728 exemplis
1818 2637 2051 2706 animadverti
2066 2637 2198 2730 potuit.
2238 2633 2304 2704 Nam

304 2761 474 2773 “-
485 2763 1286 2776 ·“*··*-‘·-·-·-······*--
1346 2741 1482 2812 siccitas
1498 2754 1577 2831 post
1593 2738 1723 2810 lulium
1736 2739 1892 2828 insignes
1909 2763 2029 2808 causas
2046 2735 2186 2824 habuit,
2209 2747 2306 2828 etpost

1346 2847 1585 2914 duosmenses
1602 2853 1793 2933 coeperunt
1814 2842 1956 2931 exiguae
1977 2843 2124 2933 pluviae
2145 2866 2227 2924 esse,
2248 2861 2307 2908 cum

297 2899 493 3028 Q·
1114 2912 1286 3034 Q
1344 2945 1449 3018 Luna
1467 2947 1564 3016 venit
1582 2947 1627 3015 ad
1645 2941 1792 3013 humida
1809 2943 1926 3033 signa3
1954 2959 1988 3014 et
2006 2969 2108 3016 nunc
2125 2959 2176 3016 est
2191 2945 2224 3012 ia
2237 2940 2307 3013 Car-

1345 3074 1424 3134 cro,
1456 3063 1490 3120 et
1518 3048 1698 3118 concurrit
1718 3044 1924 3116 Haedorum
1953 3060 1987 3117 ct
2009 3043 2163 3118 Orionis
2186 3065 2306 3124 occasus,
2394 3049 2395 3054 ’

651 3100 706 3190 N·
735 3101 938 3187 Medma
1344 3155 1388 3222 de
1415 3177 1486 3245 quo
1515 3147 1706 3244 Virgilius
1736 3148 1871 3242 inquit:
1910 3146 2108 3220 Nimbosus
2132 3146 2241 3220 Orion
2261 3158 2307 3214 cta

362 3281 388 3334 Α
406 3279 513 3336 nmio
533 3298 576 3351 ep.
594 3279 639 3335 aa,
657 3281 726 3336 edita
750 3302 781 3337 ex
802 3281 865 3338 eod.
883 3281 977 3336 bavari
999 3301 1026 3354 p.
1045 3281 1135 3354 1076„
1164 3304 1240 3342 nunc
1260 3307 1290 3342 ε,
1343 3254 1480 3324 Harum
1497 3277 1615 3322 rerum
1631 3252 1828 3322 doctrinam
1845 3275 1961 3320 amare
1977 3252 2065 3323 utile
2084 3267 2146 3324 est.
2173 3250 2221 3321 lbi
2235 3249 2306 3318 enim

394 3349 490 3404 eodem
514 3349 657 3422 deredpu.
1343 3371 1378 3428 et
1393 3352 1462 3426 hoc
1484 3356 1721 3426 animadverti
1744 3367 1877 3445 potest,
1902 3352 2018 3424 Deum
2034 3353 2306 3448 sapientissimum
2394 3383 2395 3438 p

743 3507 750 3525 ·
1343 3460 1492 3531 consilio
1518 3459 1565 3528 ita
1593 3460 1775 3528 ordinasse
1797 3471 1896 3526 ortus
1918 3471 1952 3528 ct
1969 3481 2136 3546 occasus,
2162 3471 2199 3528 ut
2218 3470 2305 3525 terrac
2391 3512 2394 3521 .

437 3503 529 3577 Dm'
548 3504 659 3580 Dod’
683 3504 892 3583 N²⁶⁰la⁰
913 3506 1136 3584 Mcdlm'
1341 3565 1552 3635 conducant.
1604 3559 1689 3630 Ideo
1713 3584 1838 3629 enarro
1862 3551 2071 3628 Ptolemaei
2087 3553 2304 3650 Quadripertl·
2393 3607 2394 3628 2

293 3639 337 3730 S·
360 3658 405 3732 D.
451 3657 497 3732 Et
512 3687 575 3754 pro
592 3678 759 3756 perpetua
777 3678 836 3736 tua
852 3689 932 3756 erga
951 3691 1016 3736 nos
1030 3669 1288 3757 benevolentia,
1341 3682 1435 3746 tum,
1469 3677 1502 3735 ct
1529 3660 1636 3732 hodie
1662 3659 1749 3732 hora
1774 3663 1876 3734 tertia
1902 3663 2100 3732 secundum
2125 3658 2302 3733 libroruin·
2392 3650 2393 3682 ³

290 3776 326 3833 et
342 3787 407 3856 pro
422 3759 571 3836 historia
590 3767 787 3860 conscripta
803 3769 869 3839 tibi
886 3771 1034 3856 gratiam
1051 3766 1177 3846 habeo.
1216 3773 1287 3844 Le·
1339 3763 1495 3852 choabo,
1522 3767 1583 3860 qui
1603 3767 1742 3836 erudite
1757 3766 1799 3833 de
1814 3765 2084 3856 tempestatibus
2102 3780 2136 3836 et
2151 3765 2300 3854 regionum

290 3865 341 3955 git
354 3859 538 3936 historiam
555 3863 634 3938 heri
649 3883 757 3940 totam
776 3871 812 3938 in
833 3897 941 3940 coena
965 3862 1159 3945 DsDoctor
1172 3872 1286 3944 Mar.
1337 3871 1475 3940 vicibus
1493 3870 1646 3940 disserit.
1696 3867 1816 3958 Quare
1833 3863 2072 3939 Scholasticos
2088 3864 2296 3948 subornant

288 3967 402 4054 tinus,
428 3971 472 4037 ad
488 3994 594 4063 quam
611 3974 647 4040 d.
662 3965 865 4059 Pastorem,
888 3962 1138 4069 Crucigerum
1166 3972 1283 4049 Geor·
1335 3973 1591 4069 frequentiores
1607 3972 1765 4044 audiant.

285 4066 391 4164 giam
407 4065 595 4140 Maiorem
613 4087 647 4143 et
660 4099 717 4144 me
734 4091 874 4146 vocarat
884 4071 928 4170 ¹),
953 4094 993 4148 ut
1007 4079 1132 4149 solitus
1148 4096 1214 4167 est,
1241 4108 1283 4154 co

287 4173 346 4241 die
361 4175 492 4243 amicos
507 4200 642 4248 vocare.
700 4175 791 4246 Nam
808 4179 923 4268 pridie
942 4179 1093 4250 Martini
1110 4197 1213 4253 natus
1232 4199 1282 4256 est

284 4266 497 4362 Lutherus‚
520 4301 560 4345 ac
584 4302 681 4346 nunc
704 4273 849 4350 inchoat
869 4305 1004 4351 annum
1026 4267 1280 4374 sexagesimum

1687 4177 2295 4200 *um-*h-...Q-j

1332 4335 1398 4408 No.
1416 4333 1530 4406 3318.
1808 4331 1826 4356 ⁴
2166 4347 2217 4408 16.
2231 4333 2291 4398 tt'or.

286 4380 495 4452 secundum.
547 4371 626 4448 Oro
647 4393 765 4449 autern
777 4379 911 4468 Deum,
936 4397 976 4455 ut
992 4402 1105 4457 servet
1128 4401 1162 4458 et
1184 4405 1280 4479 regat
1334 4433 1536 4462 m
2153 4419 2296 4462 «ν’

283 4479 364 4571 pios
390 4477 579 4566 Doctores,
613 4483 790 4573 principes
812 4497 845 4553 et
864 4486 1039 4576 civitates,
1065 4515 1155 4583 quae
1173 4516 1278 4582 prae·
1461 4565 1464 4572 ,
1670 4532 1707 4616 Β
1752 4528 1839 4616 Sh
1871 4532 1907 4615 H

281 4582 370 4652 hent
383 4577 536 4674 hospitia
555 4585 719 4669 ecclesiis,
742 4585 833 4654 sicut
849 4610 989 4677 sperare
1002 4617 1067 4660 nos
1082 4593 1193 4678 iussit,
1219 4598 1277 4665 in·
1710 4595 1720 4618 ·
1787 4560 1809 4614 ⁰
1841 4561 1870 4616 a
1906 4560 1984 4620 ⁶²⁸⁰·

282 4684 426 4778 quiens:
459 4681 622 4766 Beatus,
647 4684 717 4784 qui
737 4683 916 4782 intelligit
939 4715 1047 4789 super
1069 4717 1218 4787 egenum
1245 4707 1275 4767 et
1398 4713 1485 4789 Epist.
1506 4711 1554 4768 ttb.
1572 4711 1608 4766 tt.
1626 4730 1652 4783 p.
1667 4709 1727 4762 476.
1747 4706 1825 4776 (edit.
1844 4707 1931 4764 Lond.
1949 4707 1984 4762 tt.
2004 4727 2049 4781 ep.
2066 4708 2151 4780 505).

277 4809 497 4884 pauperem
524 4781 641 4857 indie
662 4784 768 4858 mala
789 4787 963 4862 liberabit
980 4818 1059 4864 eum
1075 4794 1275 4871 Dominus.

279 4887 412 4979 Magna
430 4891 586 4983 prolecto
604 4893 758 4984 pericula
781 4896 958 4967 sustinent
979 4899 1159 4992 principes
1175 4918 1209 4973 et
1225 4905 1276 4974 ci-
1481 4871 1536 4944 D·
1562 4865 1896 4943 Ball⁰l⁰m⁰⁶⁰
1922 4861 2172 4938 &haum
2290 4973 2297 4990 .

278 4991 422 5078 vitales,
456 4988 607 5086 hospitia
638 4997 792 5066 ecclesiis
821 4995 889 5068 Dei
918 5003 1135 5093 praebentes.
1202 5005 1271 5078 Sed
1326 4975 1369 5068 S
1387 4995 1433 5070 D·
1483 4991 1698 5066 Chafl⁵⁵lm⁰
1721 4988 1765 5060 D·
1790 4987 2059 5074 B³¹¹⁰l⁰¹¹¹³⁰⁰e
2094 4987 2202 5079 saepe
2224 4971 2297 5050 mih

277 5116 400 5186 spero,
426 5093 541 5167 Deum
560 5097 609 5166 eis
625 5100 831 5170 adfuturum
848 5126 933 5178 esse.
970 5103 1043 5175 Nos
1060 5131 1202 5201 quoquc
1218 5111 1274 5180 ‹ti-
1326 5099 1493 5191 cogllttssli
1521 5100 1564 5166 (le
1585 5095 1785 5188 Rtpllbllffl
1805 5105 1839 5161 ‘t
1863 5093 1907 5159 ‘le
1930 5093 2133 5181 Ρθδῑθῑῖῑὸῑθ
2157 5092 2194 5158 Ῑῃ
2218 5091 2297 5154 ‘³⁰¹³

275 5197 425 5288 ligenter
448 5225 564 5269 mores
588 5216 729 5272 nostros
752 5228 931 5295 regamus,
957 5231 1003 5278 ne
1027 5209 1271 5286 abiiciamura
1325 5203 1557 5298 imperiorum
1587 5197 1834 5292 dissipallfflte,
1866 5194 1955 5265 10¹¹st
1983 5207 2103 5265 lamen
2134 5189 2213 5264 haec
2238 5201 2295 5254 ⁰¹¹³

277 5405 477 5418 --Φ--ι-ι-ι

308 5524 335 5592 1)
351 5523 441 5580 Deae.
460 5523 720 5584 aemendatione:
739 5539 899 5586 vomuerat.
1356 5535 1383 5603 2)
1402 5535 1493 5591 Deae.
1513 5527 1644 5585 mendose
1661 5523 1819 5594 quisquam.
