4796 6258
67 317 146 397 tes
355 279 359 293 ’
649 321 1089 402 urlsrotaautu
1146 324 1255 406 aas.
1290 330 1355 409 tx,
1409 331 1541 412 1544.
2040 334 2118 416 sco

72 490 232 578 Utrieos
255 501 412 581 Flaccos
435 515 538 584 debet
561 507 711 582 Altera>
731 507 882 598 Berlin,
904 495 975 606 'qui
998 513 1067 584 suit
1121 501 1200 570 dam
1218 527 1258 572 ΒΧ
1273 501 1401 576 Atticis
1418 509 1616 580 ⁰r210r3b11⁵
1632 511 1740 595 dlxii,
1773 535 1879 607 quem
1893 505 2114 582 Demosthe-

64 609 452 704 oeconomusCollegii
474 615 604 699 nostri,
629 611 965 704 Vlllfl.5grossos
990 613 1066 706 Xsl
1121 625 1183 671 MS
1200 605 1303 691 ῦῖῑθῑ,
1336 602 1386 689 ὥς
1411 603 1523 684 nodie
1543 609 1620 683 tort
1641 611 1771 709 ὄφελος
1784 605 1940 694 πόλεως·
1967 609 2046 707 ἥτις
2058 609 2112 708 μὴ

63 739 134 806 pro
151 713 270 798 victu,
298 737 337 785 ac
352 719 512 787 nondum
529 717 655 802 solvit,
690 717 754 785 etsi
772 741 875 807 saepe
890 717 1063 808 promisit.
1118 708 1234 799 esopo
1255 705 1314 780 tut
1334 706 1423 794 τούς
1448 709 1671 795 ἀδικοῦντας
1694 715 1776 808 ἔχει.
1843 713 1976 786 Merito
2004 715 2113 805 igitur

64 814 163 886 Cum
187 816 297 906 igitur
315 817 534 910 stipendium
558 813 686 888 haheat
712 843 731 887 a
754 813 918 891 Nicolao
940 814 1065 901 Eine,
1119 809 1330 896 gaudemus,
1358 829 1390 883 te
1407 816 1470 885 tali
1485 816 1633 902 virtute,
1658 817 1847 910 sapientia,
1873 832 1908 890 et
1923 819 2112 888 autoritate

63 929 166 1009 petas
182 917 352 1007 Magtster
369 915 483 989 Viros
505 919 574 990 sihi
595 932 733 988 tantum
750 945 790 988 ex
809 921 985 1010 stipendio
1000 919 1064 990 ilto
1118 911 1336 1000 praeditum,
1378 917 1554 1009 suscipere
1579 943 1699 989 coram
1726 921 1899 1010 regendae
1920 917 2112 1004 Ecclesiae,

65 1019 253 1088 numerari
269 1020 325 1088 vel
341 1023 464 1107 modo,
495 1021 552 1091 vel
569 1045 648 1090 cum
666 1022 740 1090 dies
756 1022 923 1112 stipendii
939 1045 1066 1092 rasame-
1118 1031 1157 1080 ac
1181 1035 1365 1103 precamur
1379 1015 1495 1088 Deum
1518 1033 1700 1090 aeternum
1718 1019 1858 1091 Patrem
1873 1018 2022 1091 Domini
2042 1045 2111 1092 no-

70 1122 176 1190 tandi
200 1121 317 1207 cedet,
348 1137 520 1215 quantum
538 1117 689 1191 Albano
714 1125 880 1208 debetur,
917 1137 1066 1194 etcum
1117 1113 1180 1180 stri
1198 1111 1275 1184 lesu
1289 1112 1442 1204 Christi,
1468 1137 1509 1193 ut
1522 1133 1556 1190 te
1570 1123 1714 1192 adiuvet
1729 1145 1793 1193 suo
1808 1121 1967 1213 Spiritu,
1993 1138 2033 1194 ut
2050 1139 2110 1196 tua

73 1219 224 1291 Alberto
247 1222 305 1291 vel
325 1220 415 1292 mihi
435 1225 545 1310 mitti,
577 1225 634 1292 vel
649 1238 746 1296 curet
761 1219 851 1292 mihi
868 1225 960 1296 mitti
975 1249 1064 1316 pen·
1118 1215 1325 1303 gubernatio
1348 1246 1429 1291 vero
1452 1238 1621 1312 congruat
1648 1219 1911 1295 dictoCbristi':
1944 1223 2027 1294 Non
2047 1248 2110 1294 vos

67 1329 207 1393 sionem
236 1325 413 1415 stipendii,
477 1324 571 1396 Nam
600 1319 778 1408 Flaccus,
823 1327 853 1394 si
883 1327 1064 1418 acceperit,
1117 1316 1199 1384 estis
1225 1321 1288 1410 qttl
1311 1322 1520 1414 loquimini,
1552 1331 1610 1395 sed
1630 1327 1790 1418 'Spiritus
1814 1324 1930 1396 Patris
1953 1325 2110 1396 coelestis

64 1450 144 1496 non
166 1427 289 1500 solvet.
339 1424 442 1517 Rogo
458 1428 587 1500 iterum
601 1420 639 1523 *)
658 1428 845 1518 diligenter
862 1444 1015 1498 serretur.
1117 1418 1180 1510 qul
1202 1419 1241 1487 io
1265 1423 1367 1492 vobis
1391 1439 1452 1500 est.
1510 1424 1606 1496 Haec
1631 1453 1733 1520 saepe
1755 1442 1917 1519 precatus
1940 1451 2020 1499 sum
2043 1423 2111 1496 hoc

1115 1543 1254 1609 mense,
1288 1541 1322 1594 et
1339 1551 1465 1616 precor
1479 1528 1634 1613 assidue,
1659 1543 1700 1600 ut
1713 1527 1810 1602 Deus
1825 1543 2033 1600 ornamenta
2052 1529 2111 1598 in·

1117 1623 1251 1710 gentio,
1291 1652 1382 1721 quae
1416 1630 1568 1702 contulit
1599 1625 1656 1701 his
1687 1632 1910 1722 regionibus,
1950 1645 2108 1702 tueatur:

1114 1719 1301 1815 Evangelii
1324 1730 1458 1813 lucem,
1490 1755 1652 1822 magnam
1674 1734 1836 1804 omnium
1856 1733 2038 1803 literarum
2056 1746 2111 1802 at-

58 1825 131 1898 No.
149 1821 264 1899 2972.
905 1828 1046 1898 ealon.
1116 1849 1183 1918 que
1216 1829 1346 1899 artium
1379 1834 1596 1916 doctrinam,
1636 1835 1846 1929 tranquillas
1870 1836 2031 1927 politias,
2073 1846 2109 1905 ct

64 1919 245 1950 Μ
883 1921 1055 1950 ”⁶⁰⁸⁴
1116 1926 1338 2020 disciplinam
1373 1936 1602 2025 mediocrem.
1667 1933 1764 2007 Haec
1789 1939 1883 2008 bona
1909 1938 2047 2008 utinam
2074 1949 2108 2006 et

331 2019 515 2136 Geor-gio
543 2021 805 2109 Anhalit'nO.
1114 2026 1297 2123 Principes
1325 2037 1569 2108 moderatione
1598 2039 1827 2110 consiliorum
1858 2040 2009 2109 retinere
2031 2050 2108 2107 stu-

133 2187 233 2244 meet.
257 2184 337 2242 ιω.
361 2203 389 2258 p.
402 2185 464 2241 m
497 2183 581 2256 Epist·
601 2185 650 2242 tib.
663 2186 685 2242 Ι.
707 2205 736 2259 p.
751 2186 796 2242 91.
818 2186 896 2256 (edu.
920 2186 1010 2240 Lena.
1037 2185 1061 2242 Ι.
1115 2132 1252 2205 decent.
1301 2131 1379 2205 Etsi
1401 2152 1516 2208 autem
1542 2141 1614 2210 scio
1636 2154 1671 2211 te
1692 2155 1755 2212 tuo
1779 2140 1928 2211 consilio
1949 2140 2107 2211 delectu-

170 2203 293 2329 ,μή
953 2257 957 2264 ·
1115 2257 1291 2304 comesse
1321 2231 1655 2312 homines'idoneos
1682 2245 1727 2313 ad
1754 2245 1945 2312 exercenda
1975 2241 2116 2312 iudicia·

450 2405 458 2424 ‚
574 2407 582 2424 ,
634 2406 682 2425 Η
871 2408 878 2426 ‚
1113 2331 1376 2419 Ecclesiastica‚
1409 2354 1526 2412 tamen
1549 2343 1697 2413 indicari
1720 2343 1788 2414 tibi
1811 2343 2108 2436 aliquosveltete

200 2404 254 2479 D·
280 2401 486 2504 G⁶⁰rff¹⁰
509 2401 679 2505 PW'P‘
699 2402 924 2479 Anhflldm‘l
1113 2437 1278 2512 arbitror.
1343 2437 1410 2511 Est
1432 2443 1469 2512 in
1493 2443 1682 2515 Academia
1706 2459 1828 2524 nostra
1851 2468 1959 2533 gener
1979 2435 2107 2513 Lucae

57 2528 109 2617 S.
136 2543 183 2620 D.
233 2539 287 2614 Ex
305 2546 499 2615 multorum
520 2543 633 2614 literis
654 2558 688 2614 et
708 2567 869 2614 sermone
886 2545 1060 2637 intelligo,
1111 2529 1289 2624 Pistoris,
1329 2533 1513 2639 Georgius
1536 2539 1732 2617 Daschins
1764 2542 2106 2637 Wirceburgcnsis,

60 2649 105 2718 in
127 2671 167 2716 ea
192 2671 253 2716 ora
269 2639 442 2739 Mysiae,
475 2647 575 2715 cuius
597 2641 775 2716 Ecclesias
797 2648 1059 2737 gubernaturus
1112 2640 1175 2731 qui
1201 2655 1236 2712 et
1259 2643 1324 2712 diu
1348 2648 1484 2720 audivit
1509 2645 1800 2734 Iurisconsultus,
1831 2661 1867 2720 et
1890 2649 2105 2718 mediocrem
2206 2668 2213 2682 ·

60 2771 100 2822 es
121 2742 203 2843 ‘'t),
233 2747 413 2840 publicam
433 2748 576 2840 piorum
595 2748 758 2817 omnium
778 2746 950 2818 laetitiam
974 2773 1058 2836 esse,
1112 2735 1220 2814 habet
1239 2741 1368 2816 Latine
1390 2749 1532 2819 dicendi
1555 2763 1590 2822 et
1612 2750 1793 2822 scribendi
1813 2741 2032 2836 facultatem,
2069 2763 2105 2820 et

62 2853 160 2946 quod
177 2850 332 2922 audiunt
346 2864 382 2922 te
395 2873 471 2920 non
488 2850 603 2919 solum
621 2850 840 2936 eruditione,
872 2864 908 2921 et
927 2851 1058 2945 pietate
1110 2841 1254 2934 ingenio
1270 2847 1422 2938 placido,
1446 2865 1480 2922 et
1492 2845 1651 2924 honestis
1666 2853 1829 2924 moribus
1843 2854 2022 2945 praeditus
2036 2864 2103 2922 est:

59 2966 320 3046 praestantem,
351 2954 412 3023 sed
432 2952 537 3023 etiam
556 2949 688 3041 optima
705 2951 888 3022 voluntate
905 2968 940 3024 et
955 2969 1071 3026 auto:
1110 2971 1215 3038 qoem
1233 2949 1378 3042 quidem
1390 2947 1587 3048 Episcopus
1604 2979 1687 3026 snus
1700 2955 1815 3026 multo
1832 2967 1914 3025 ante
1930 2955 1968 3023 in
1986 2953 2104 3024 aulam

59 3058 166 3127 ritate
188 3053 390 3148 praeditum
411 3055 455 3125 ad
482 3046 550 3121 hoc
572 3051 751 3142 fastigium
770 3049 948 3130 Ecclesiae
974 3081 1052 3126 eve·
1109 3050 1310 3137 caccersivit,
1346 3056 1405 3123 sed
1432 3055 1506 3147 ipse
1531 3081 1552 3128 a
1576 3059 1708 3131 nostris
1730 3053 1899 3126 Ecclesiis
1923 3057 2103 3126 discedere

57 3171 159 3228 ctum
175 3179 266 3240 esse,
299 3177 340 3225 ac
354 3167 496 3248 sperant
510 3167 607 3226 tuam
622 3155 916 3243 gubernationem
933 3159 1055 3228 multis
1108 3150 1238 3222 noluit.
1289 3151 1407 3228 Huius
1422 3171 1458 3228 et
1472 3157 1685 3229 industriam
1698 3172 1734 3229 et
1747 3159 1853 3228 fidem
1869 3159 2103 3249 probaturum

56 3260 179 3328 modis
194 3254 390 3342 Ecclesiae,
421 3270 457 3328 et
470 3251 528 3325 his
541 3255 624 3327 totis
636 3256 842 3346 regionibus
863 3261 1053 3329 salutarem
1108 3265 1141 3319 te
1167 3275 1240 3322 esse
1266 3279 1340 3324 non
1358 3257 1501 3344 dubito,
1526 3259 1556 3329 si
1574 3259 1650 3331 eius
1668 3283 1774 3350 opera
1790 3261 1910 3334 uteris.
1960 3257 2051 3330 Nom
2068 3270 2103 3326 et

54 3361 150 3432 sore.
209 3355 330 3448 Quare
345 3373 380 3429 et
392 3355 548 3449 Reipub.
565 3358 789 3446 gratulantur
802 3353 895 3430 banc
909 3360 1054 3432 electio-
1106 3352 1190 3422 ⁵³5⁸
1211 3356 1372 3426 emditus
1388 3372 1459 3442 est,
1490 3374 1527 3432 et
1544 3361 1719 3452 imprimis
1735 3361 1922 3449 integeret
1939 3361 2119 3452 incursu-¹

56 3485 168 3543 nem,
200 3473 234 3529 et
253 3473 378 3552 optant
397 3459 605 3531 ardentibus
620 3459 732 3546 votis,
764 3475 806 3534 ιιι
820 3483 841 3530 a
855 3457 932 3532 Deo
949 3463 1053 3534 adiu·
1106 3465 1198 3544 ptus,
1217 3467 1251 3524 et
1263 3458 1442 3530 studiosus
1457 3463 1609 3554 tuendae
1625 3462 1835 3532 concordiae
1847 3487 1930 3532 cum
1945 3461 1999 3546 iis,
2018 3484 2100 3530 cum

53 3560 168 3634 veris.
224 3559 782 3633 Sciuntmnltosessedoctriuae
800 3586 912 3654 purae
930 3563 1051 3634 inimi·
1106 3555 1236 3648 quibus
1257 3559 1314 3628 vel
1340 3561 1476 3650 privata
1497 3563 1779 3651 necessitudine,
1803 3563 1859 3633 vel
1876 3561 2101 3655 publicanti-

54 3687 129 3748 cos,
152 3683 313 3752 magnam
327 3663 503 3753 ignaviam
519 3673 710 3754 pastorum,
733 3676 911 3755 postremo
925 3679 960 3737 et
975 3691 1052 3736 ma.
1104 3679 1173 3748 qna
1203 3660 1512 3736 administratione
1542 3667 1753 3738 coniunctus
1785 3677 1847 3739 est.
1914 3663 2035 3754 Quare
2063 3677 2099 3734 te

54 3789 165 3856 gnam
188 3765 412 3854 ingeniorum
434 3764 612 3835 levitatem
627 3775 662 3833 et
676 3765 927 3857 petulantiam,
960 3792 1051 3862 quae
1105 3781 1317 3858 magnopere
1342 3788 1425 3849 oro,
1466 3779 1506 3838 ut
1532 3765 1649 3839 locum
1681 3767 1714 3838 ei
1747 3768 1883 3838 tribuas
1909 3768 2003 3837 inter
2028 3790 2099 3851 eos,

55 3867 183 3938 crebm
204 3867 350 3936 dissidia
372 3865 535 3938 excitant.
595 3861 663 3936 His
681 3867 785 3936 malis
803 3871 975 3940 autoritas
989 3883 1050 3940 tua
1103 3884 1193 3952 quos
1226 3867 1490 3956 cognitionibus
1519 3869 1593 3940 illis
1623 3870 1811 3963 praeficies.
1872 3867 1994 3939 Iudico
2020 3869 2097 3937 eius

55 3969 233 4052 resistere,
266 3981 300 4039 ct
322 3993 403 4040 cum
426 3965 608 4040 doctrinae
628 3968 838 4058 puritatem,
870 3983 947 4040 tum
964 3995 1048 4042 vero
1102 3978 1277 4051 naturam,
1303 3969 1456 4040 iustitiae
1475 3983 1508 4041 et
1522 3972 1790 4068 tranquillitatis
1807 3973 1891 4062 pub.
1907 3984 2098 4054 amantem,

56 4069 281 4141 concordiam
298 4069 438 4140 munire
452 4083 487 4140 et
498 4069 667 4156 retinere,
691 4066 769 4140 Deo
785 4070 947 4155 iuvante,
981 4097 1048 4164 po-
1103 4077 1136 4134 et
1152 4066 1329 4156 placidam
1345 4095 1429 4145 esse.
1468 4072 1574 4143 Tales
1589 4068 1979 4144 ittdiciisEcclestarum
1993 4095 2096 4164 prae-

57 4170 154 4244 terit,
183 4167 323 4242 Deinde
336 4171 400 4242 diu
414 4170 484 4240 iam
500 4171 585 4263 pub,
599 4169 760 4242 omnium
776 4195 946 4244 sanorum
960 4199 1048 4270 que.
1102 4165 1158 4234 tici
1171 4168 1257 4238 utile
1275 4183 1337 4256 est,
1360 4196 1435 4242 uon
1449 4175 1571 4270 quales
1586 4175 1748 4268 plerique
1763 4188 1845 4245 sunt
1859 4175 1898 4243 in
1915 4175 2004 4256 loro,
2028 4168 2096 4243 ho·

55 4271 142 4342 retis
164 4272 361 4344 desiderata
389 4286 474 4345 sunt
503 4269 634 4342 iudicia
655 4269 918 4360 Ecclesiastico,
956 4301 1047 4368 quae
1101 4267 1214 4339 mineo
1230 4273 1397 4360 audaces,
1423 4275 1563 4366 cupidi,
1587 4291 1817 4364 retentores,
1842 4267 2095 4356 Phormiones,

50 4397 172 4444 mores
187 4390 369 4464 regerent,
401 4389 437 4447 et
452 4375 696 4465 disciplinam,
724 4391 897 4468 quantum
919 4378 957 4446 in
981 4373 1047 4448 hac
1100 4363 1343 4463 Eurybates,
1375 4389 1409 4445 et
1425 4378 1565 4470 qualem
1582 4402 1646 4450 vos
1660 4373 1799 4451 habetis
1817 4379 1854 4449 in
1874 4379 2003 4448 vicinia
2021 4365 2095 4446 Co-

49 4489 192 4547 seuecta
216 4488 251 4545 et
272 4470 327 4544 his
349 4475 488 4546 delitiis
509 4475 637 4546 mundi
652 4475 727 4546 fieri
744 4492 880 4569 potest,
903 4495 1047 4550 tueren-
1102 4493 1230 4542 racem.
1277 4472 1454 4548 immensa
1470 4479 1710 4552 misericordia
1726 4506 1789 4550 sua
1805 4481 1982 4573 promittit
1996 4477 2094 4548 Deus

49 4590 122 4652 tur.
176 4574 277 4648 Talis
298 4591 351 4648 est
372 4591 489 4648 autem
511 4578 585 4648 vita
607 4592 667 4648 tua
690 4580 902 4668 domestica,
933 4595 974 4652 ut
989 4582 1048 4652 vel
1099 4597 1302 4666 mansuram
1326 4573 1521 4650 Ecclesiam
1544 4605 1634 4653 esse:
1672 4585 1732 4653 sed
1757 4583 1808 4652 ibi
1831 4595 1967 4651 tanturm
1990 4603 2093 4648 snau-

49 4685 189 4750 tacetur
211 4690 263 4764 te,
291 4702 438 4750 censura
458 4701 532 4749 esse
554 4679 679 4771 possit:
711 4692 748 4751 et
767 4695 865 4754 tenta
887 4685 1048 4776 pruden-
1098 4696 1179 4746 stara
1202 4692 1269 4764 est,
1301 4679 1365 4750 ubi
1386 4683 1503 4752 studia
1529 4683 1709 4754 literarum
1728 4699 1762 4754 ct
1777 4683 1959 4752 doctrinae
1978 4683 2093 4750 coele-

47 4781 111 4866 tia,
136 4792 177 4851 ut
195 4780 283 4852 scias
297 4780 526 4872 gubernatori
540 4777 633 4852 hanc
646 4795 781 4874 partem
796 4787 954 4856 muneris
970 4811 1046 4856 non
1098 4777 1161 4846 stis
1188 4781 1373 4867 coluntur,
1412 4797 1446 4854 et
1471 4783 1658 4877 disciplina
1689 4783 1915 4853 mediocriter
1949 4784 2092 4872 regitur·

46 4881 284 4952 omittendam
306 4905 398 4968 esse,
428 4885 490 4952 sed
505 4907 623 4954 sevcm
642 4887 889 4969 exercendam,
915 4887 1046 4960 videti.
1099 4875 1194 4950 Haec
1216 4907 1319 4954 causa
1343 4885 1500 4976 proiecto
1516 4909 1639 4958 omues
1654 4885 1814 4956 omnium
1830 4885 2000 4956 ordinum
2016 4907 2091 4954 ιιιι-

46 4995 104 5054 cet
122 4984 381 5086 porrectionem
403 4983 576 5056 viciorum
594 5000 629 5058 et
642 4985 870 5062 delictorum:
905 4991 1047 5086 utqui.
1098 4983 1234 5052 dioeces
1251 4979 1413 5057 homiues
1429 4991 1619 5058 accendere
1633 4987 1756 5073 debet,
1783 4988 1955 5060 utstudia
1971 4987 2091 5056 litera-

1099 5107 1198 5168 rum,
1223 5099 1258 5156 et
1273 5087 1498 5180 disciplinam
1516 5102 1700 5176 tueantur,
1723 5103 1758 5160 et
1773 5091 1956 5160 conserant
1972 5087 2090 5159 cousi-

1099 5183 1144 5252 lia
1166 5199 1200 5256 et
1224 5211 1347 5279 operas
1370 5192 1415 5261 ad
1436 5215 1556 5262 earum
1572 5215 1691 5261 rerum
1708 5191 1960 5264 defensionem.
2010 5183 2089 5279 Ego

1096 5287 1240 5378 quidem
1270 5314 1384 5358 meam
1416 5317 1577 5383 operam,
1617 5293 1648 5362 si
1673 5292 1760 5386 quid
1784 5315 1932 5387 usquam
1955 5306 2089 5383 potero,

44 5188 275 5208 m

80 5329 110 5400 't
134 5331 388 5403 Legitcntsntnm:
420 5335 485 5392 n-
501 5353 567 5408 usu,
592 5336 667 5407 quod
686 5338 884 5412 compendium
904 5339 1043 5398 scribendi
1332 5390 1342 5408 .
1522 5393 1534 5412 .
1700 5396 1722 5414 ,.
2058 5393 2068 5411 .

114 5399 213 5455 tabeo.
1098 5404 1273 5479 praestare
1295 5406 1401 5462 ettam
1426 5408 1551 5465 vestro
1572 5393 1742 5466 Ecclesus
1770 5395 1865 5466 bona
1891 5394 1959 5463 lide
1982 5395 2089 5486 polh-

78 5505 127 5576 υ)
148 5503 777 5582 meantumemtseopusmersburgensis.
1096 5515 1187 5565 ceor.
1244 5489 1342 5563 Dens
1361 5508 1526 5566 aeternus
1548 5495 1655 5569 Pater
1669 5495 1715 5572 D.
1732 5496 1778 5572 N.
1797 5495 1824 5574 Ι.
1840 5493 1880 5572 C.
1906 5509 2022 5568 servet
2043 5512 2089 5580 te,
2133 5555 2136 5568 .
