4776 6260
365 291 440 400 65²⁵
769 256 775 266 ’
946 271 1824 385 nrrsronappuznmmnnsas.
2035 265 2040 270 ’
2254 316 2301 391 p.

465 458 558 532 Cum
583 451 691 546 igitur
706 449 847 522 nullum
867 462 958 521 extet
974 451 1122 520 verbnm
1139 445 1206 520 Dei
1226 451 1269 518 de
1291 441 1358 516 bae
1410 447 1571 555 Davidi,¹
1587 452 1712 544 Petro,
1737 456 1862 548 Paulo,
1886 477 1922 536 et
1934 469 2094 542 omnibus
2106 473 2185 548 aliis:
2204 477 2303 557 luceto

367 562 606 644 invocatione,
630 555 669 625 tit
698 553 779 623 talis
806 552 985 622 invocatio
1015 576 1095 624 cum
1127 548 1360 633 dubitatione,
1408 553 1485 623 vult
1503 568 1536 625 et
1551 555 1656 628 nobis
1670 561 1837 636 omnibus
1857 584 1997 658 peccata
2014 575 2171 648 remittere
2188 577 2247 660 tat

366 691 412 739 an
439 661 495 735 bic
519 682 596 728 mos
610 655 686 726 Deo
707 655 852 748 placeat.
904 649 1024 741 Quare
1048 677 1270 748 nequaquam
1288 665 1360 722 sta·
1408 654 1595 731 tentibus''.

275 791 281 804 ι
366 767 525 840 bipenpa
545 771 606 835 est,
1508 753 1658 846 Quarto.
1711 759 1812 835 Sicut
1843 781 1981 840 sanctos
2016 797 2094 846 suos
2123 780 2302 870 castigante

468 864 655 934 Praeterea
687 855 798 926 solius
831 852 1085 944 omnipotentis
1119 867 1266 922 naturae
1299 865 1360 938 est,
1409 857 1505 926 cruci
1529 861 1697 950 subiecit,
1723 877 1758 936 et
1780 879 1899 938 tamen
1920 865 2122 946 ¹sustentavit
2141 904 2193 950 sua
2210 888 2302 954 corel·

367 985 485 1044 motus
502 960 664 1034 cordium
679 970 713 1028 et
727 953 981 1040 invocationis,
1006 979 1045 1024 ae
1060 954 1208 1044 gemitus
1226 953 1263 1022 in
1282 978 1361 1023 cor·
1409 957 1525 1044 tione,
1551 973 1586 1032 et
1608 986 1732 1034 rursus
1754 967 1928 1040 mirandis
1949 974 2198 1050 liberationibus
2214 989 2302 1055 ornavit:

370 1075 476 1146 dibus
492 1064 653 1135 omnium
675 1055 865 1130 bominum
886 1057 1009 1125 andire
1028 1069 1062 1125 et
1078 1056 1247 1130 iudicare.
1299 1053 1361 1123 ln·
1410 1053 1464 1128 Ita
1478 1060 1670 1151 discamus,
1691 1089 1757 1136 nos
1772 1093 1915 1164 quoque
1934 1077 2168 1164 gubernandos
2182 1105 2248 1168 esse,
2264 1087 2305 1154 θὴς.

368 1191 500 1245 vocans
515 1179 633 1236 autem
649 1172 798 1244 sanctos,
814 1157 877 1252 qui
892 1180 933 1226 ex
948 1151 1013 1226 hac
1027 1155 1099 1226 vita
1115 1157 1362 1240 discesserunt,
1410 1159 1548 1230 diamus
1572 1164 1610 1232 in
1632 1190 1753 1254 cruce,
1779 1195 1818 1240 ac
1835 1186 1994 1262 petamus
2008 1193 2043 1250 et
2058 1196 2241 1274 expectemus
2255 1189 2305 1254 aui

369 1273 496 1348 tribuit
513 1269 563 1337 eis
575 1257 672 1333 bunc
685 1255 872 1344 bonorem,
892 1273 926 1328 et
938 1252 1032 1328 hanc
1045 1257 1251 1348 potentiam,
1264 1259 1360 1352 quod
1410 1262 1499 1331 lium
1515 1274 1549 1332 et
1566 1264 1823 1357 liberationem,
1837 1273 1927 1348 sicut
1942 1280 2106 1374 scriptum
2121 1297 2178 1354 est:
2197 1279 2307 1356 Subdiu

372 1382 518 1450 cernant
533 1378 651 1436 motus
672 1361 834 1432 cordium
854 1359 998 1452 ubique.
1052 1357 1094 1428 ld
1113 1359 1226 1450 reipsa
1244 1373 1294 1428 est
1311 1359 1361 1428 eis
1412 1370 1486 1434 esto
1502 1357 1605 1450 Deo,
1630 1375 1662 1436 el
1679 1393 1745 1438 ora
1760 1394 1839 1440 eum
1857 1370 1911 1471 ³⁷).

371 1477 528 1554 tribuere
545 1461 848 1556 omnipotentiam.
879 1455 947 1529 Est
959 1473 1076 1529 autem
1091 1457 1269 1530 idolorum
1287 1460 1363 1530 cnl-
1513 1462 1663 1554 Quinto.
1712 1469 1903 1546 Laudandi
1916 1495 2000 1552 sunt
2017 1497 2052 1553 et
2066 1485 2129 1576 ipsi
2144 1485 2243 1572 sanci,
2259 1491 2308 1579 quot

372 1595 429 1654 tus
440 1574 596 1646 tribuere
613 1568 692 1638 aliis
709 1575 848 1655 praeter
861 1555 978 1628 Deum
993 1561 1299 1650 omnipotentiam.
1411 1564 1631 1656 diligentiam
1646 1566 1899 1665 adhibuerunt,
1914 1604 1958 1652 ne
1973 1584 2182 1658 effunderent
2194 1588 2247 1658 Dei
2256 1591 2309 1662 don,

474 1669 611 1746 Omnes
627 1668 735 1758 igitur
747 1663 1011 1754 gubernatores,
1035 1658 1219 1756 Episcopi,
1245 1677 1363 1756 pasto·
1411 1668 1472 1737 sed
1487 1691 1604 1740 mores
1624 1694 1706 1742 suos
1728 1689 1820 1746 recte
1843 1671 2103 1772 gubernarunt,
2125 1689 2250 1763 studiose
2263 1689 2309 1756 dili-

371 1803 444 1864 κε,
470 1788 504 1845 et
519 1771 703 1862 Principes
716 1761 814 1836 bunc
832 1784 989 1832 errorem
1005 1775 1039 1833 et
1054 1765 1204 1834 abusum
1222 1763 1363 1834 abolere
1412 1783 1537 1840 cerunt
1558 1771 1755 1845 doctrinam
1779 1781 1980 1865 coelestem,
2004 1791 2159 1862 exercitia
2177 1791 2309 1866 studium.

372 1883 512 1956 gebenp,
1411 1869 1684 1944 meditationum
1712 1893 1747 1950 et
1774 1885 2018 1970 precationum
2045 1884 2235 1962 babuemnt:
2263 1889 2308 1978 Qu

440 2001 443 2007 ·
472 1977 573 2066 Quae
594 1982 712 2040 autem
733 1966 927 2062 pertinacia
947 1979 1000 2040 est
1018 1966 1175 2036 stabilire
1197 1959 1289 2036 hane
1306 1966 1364 2034 in·
1414 1993 1538 2040 eorum
1555 1974 1700 2046 virtutes
1717 1981 1821 2051 nobis
1837 1983 2026 2058 imitandas
2047 2016 2260 2086 proponamus.
2288 1987 2309 2058 lt

373 2081 614 2157 vocationem,
639 2091 720 2141 enm
741 2070 779 2139 in
800 2083 990 2160 conspectu
1013 2070 1085 2140 sint
1109 2070 1239 2137 abusos
1262 2068 1365 2152 tanti,
1413 2063 1469 2140 his
1486 2071 1572 2144 locis
1588 2075 1777 2149 dicendum
1796 2085 1879 2167 erit,
1904 2092 2044 2181 quoties
2058 2095 2100 2164 de
2116 2085 2307 2166 sanctorunho

375 2185 437 2281 qui
450 2178 632 2249 manifeste
648 2182 732 2241 sunt
746 2168 862 2240 cultus
877 2161 1067 2250 idolorum,
1092 2184 1126 2238 et
1142 2193 1245 2238 uerno
1263 2169 1365 2258 igno-
1412 2173 1562 2244 notibus
1582 2181 1782 2270 quaeritur,
1805 2209 1958 2278 quorum
1986 2193 2144 2266 locorum
2160 2193 2307 2266 considenti·

374 2300 430 2358 ret
452 2279 591 2350 nullum
620 2284 848 2364 praeceptum
874 2282 934 2340 ant
963 2271 1160 2362 exemplum
1185 2283 1300 2338 extare
1326 2269 1364 2336 in
1413 2275 1526 2364 gignit
1545 2277 1585 2346 in
1608 2279 1736 2351 animis
1761 2309 1878 2356 veram
1901 2291 2141 2383 dilectionem,
2162 2294 2308 2368 reverentia

376 2379 515 2477 scriptis
539 2369 760 2467 Prophetieis
788 2386 821 2441 et
843 2366 1077 2463 Apostolicis‚
1114 2373 1209 2465 quod
1243 2373 1364 2441 doceat
1413 2397 1494 2466 erga
1513 2394 1672 2467 sanctos,
1696 2395 1771 2454 tum
1794 2387 1831 2456 in
1853 2391 1959 2462 coelis
1981 2398 2154 2480 viventes,
2175 2393 2309 2472 comnot-

375 2487 468 2560 hanc
482 2476 743 2552 invocationem
756 2471 831 2543 Deo
848 2474 997 2562 placere.
1413 2499 1492 2547 cnm
1509 2473 1625 2552 adbuc
1642 2483 1681 2571 in
1695 2478 1760 2556 bac
1776 2487 1849 2559 vita
1865 2493 2048 2586 degentes,
2073 2515 2233 2592 occupatos
2243 2497 2310 2587 guist-

475 2583 548 2655 Nee
566 2600 648 2646 vero
671 2573 831 2669 sequitur
846 2567 952 2658 binc,
977 2588 1017 2644 nt
1033 2572 1138 2641 nobis
1154 2569 1283 2644 iniuste
1299 2575 1365 2643 ob-
1412 2579 1558 2650 natione
1570 2578 1747 2656 Ecclesiae
1762 2600 1795 2658 et
1810 2587 1966 2684 Reipub‚
2256 2667 2259 2672 ,

375 2691 514 2770 iicitur,
538 2702 605 2750 nos
621 2699 696 2746 non
712 2675 879 2764 diligere,
904 2695 978 2744 1¹0n
995 2673 1176 2760 venerari,
1202 2697 1275 2744 ¹¹0ss
1298 2670 1374 2744 h⁰·-
1515 2679 1623 2770 Quod
1646 2688 1803 2778 pulcrius
1835 2697 2075 2784 spectaculum
2097 2715 2201 2794 potest
2216 2721 2257 2768 ese
2274 2689 2311 2760 ht·

376 2815 464 2864 nore
481 2785 617 2856 afficere
638 2789 794 2847 sanctos:
819 2774 928 2854 Item,
953 2773 1088 2844 aboleri
1106 2776 1144 2842 in
1158 2777 1364 2846 universnm
1412 2779 1503 2850 mini
1524 2806 1629 2872 sano,
1661 2811 1767 2880 quam
1790 2810 1910 2866 mente
1933 2803 2165 2898 contemplari
2182 2797 2310 2874 talcsriro

376 2897 483 2965 festos
512 2884 612 2965 dies,
639 2901 791 2972 quorum
821 2875 1008 2968 praecipua
1037 2876 1144 2946 fuerit
1170 2877 1364 2952 celebritas.
1413 2885 1534 2974 quales
1553 2887 1699 2958 suerunt
1727 2887 1873 2986 loseph,
1898 2895 2033 2988 David,
2061 2919 2096 2976 et
2118 2907 2185 2976 alii.
2223 2899 2309 2970 trino

375 2993 433 3068 Ad
456 2986 543 3060 baec
563 2979 834 3072 respondemus:
859 2973 936 3046 Deo
952 2989 1092 3046 aeterno
1118 2977 1209 3069 patri
1232 2993 1265 3049 et
1290 2979 1363 3053 lilio
1414 2983 1510 3054 enim
1531 2983 1628 3058 Deus
1651 2989 1690 3058 in
1719 2991 1864 3070 illorum
1885 3003 2164 3078 consideratione
2185 2999 2310 3095 agnoscitur.

376 3096 452 3166 eiua
481 3085 561 3158 lesu
586 3075 730 3154 Christo
769 3090 803 3149 et
832 3075 985 3169 Spiritui
1019 3091 1161 3162 sancto,
1196 3091 1364 3175 tanquam
1414 3086 1476 3178 qni
1492 3107 1529 3155 se
1544 3113 1608 3182 per
1623 3089 1704 3160 illos
1717 3096 1821 3167 certis
1835 3101 2047 3178 testimoniis
2061 3109 2219 3201 patefecit.
2240 3095 2310 3174 Deiota

374 3190 548 3268 essentiae
564 3179 799 3272 omnipotenti
812 3179 1001 3250 tribuenda
1019 3192 1070 3250 est
1085 3180 1277 3268 invocatio,
1303 3182 1363 3252 sed
1413 3186 1453 3255 in
1473 3182 1601 3259 horum
1626 3193 1732 3264 rebus
1761 3199 1865 3286 gestis
1887 3201 2078 3295 discimus,
2104 3207 2253 3304 quomodo
2267 3199 2309 3270 [lau

376 3291 506 3372 sanetis
525 3286 588 3358 alii
604 3278 760 3353 bonores
778 3292 994 3371 competunt.
1043 3276 1098 3351 Ac
1113 3294 1229 3374 potest
1243 3283 1365 3353 erudi·
1414 3288 1556 3380 colligat
1576 3291 1646 3362 sibi
1664 3289 1858 3370 Ecclesiam
1881 3315 1914 3375 et
1935 3315 2116 3399 quomodo
2131 3336 2199 3383 eam
2211 3307 2310 3398 mbos

374 3415 433 3476 tus
447 3408 482 3467 et
494 3389 575 3486 pins
593 3383 823 3471 concionator
843 3405 884 3451 ex
906 3380 1029 3450 eor-tim
1050 3375 1209 3452 historiis
1231 3386 1364 3476 populo
1414 3386 1538 3479 Tertio
1555 3384 1654 3467 iuvat
1671 3396 1831 3488 ipsorum
1852 3407 2061 3482 excellentes
2076 3414 2213 3484 virtutes
2225 3393 2309 3478 corni

375 3499 490 3575 musta
503 3491 672 3572 recitare,
697 3506 787 3578 quae
803 3484 847 3553 de
863 3481 1026 3552 maximis
1047 3485 1170 3565 rebus,
1196 3489 1366 3560 crudiunt
1413 3500 1448 3559 et
1468 3495 1646 3566 admirari.
1696 3495 1794 3571 Haec
1815 3483 2052 3586 consideratio
2067 3515 2243 3586 absentium
2257 3516 2310 3576 mort

375 3615 531 3681 mentes,
557 3603 591 3663 et
604 3585 815 3660 confirmant
829 3584 947 3657 fidem.
1414 3592 1551 3665 animos
1571 3599 1615 3668 ad
1633 3605 1834 3694 quaerenda
1855 3614 2011 3705 exempla
2029 3617 2126 3688 inter
2139 3618 2273 3688 viventes,
2285 3597 2308 3691 tl

477 3695 639 3769 Primum
654 3687 752 3782 quod
773 3687 811 3755 in
827 3685 987 3777 ipsorum
1000 3679 1149 3756 historia
1172 3701 1289 3761 extent
1310 3703 1365 3762 te-
1413 3693 1454 3762 in
1475 3695 1585 3768 simili
1606 3702 1862 3790 gubernatione
1884 3724 1918 3779 et
1934 3719 2120 3790 vocatione
2138 3714 2309 3788 versanturtl

376 3799 542 3878 stimonia
564 3789 716 3862 illustria
737 3789 781 3858 de
803 3807 942 3858 summo
960 3782 1030 3854 Dei
1052 3788 1243 3876 beneficio,
1267 3794 1362 3884 quod
1413 3795 1555 3870 collatio
1589 3806 1748 3877 accendit
1782 3808 2068 3890 benevolentiam
2103 3834 2138 3892 et
2167 3803 2306 3889 reverenlllt·

375 3903 540 3977 videlieet
557 3888 691 3990 †Dens
705 3913 742 3961 se
756 3883 914 3959 humano
929 3886 1047 3976 generi
1064 3891 1242 3981 patefecit,
1267 3896 1362 3986 quod
1413 3919 1493 3988 erga
1511 3921 1580 3975 eos.

374 4007 462 4100 ipsis
484 3991 675 4070 videlicet”
697 3985 886 4093 Prophetis
910 4002 946 4088 et
969 3986 1151 4080 Apostolis
1179 3989 1363 4066 tradiderit
1937 4063 1945 4084 ,
2004 4066 2011 4088 ,

375 4128 480 4184 suum
501 4093 757 4186 Evangelium‚
782 4105 817 4162 et
838 4091 1016 4160 addiderit
1035 4105 1128 4163 certa
1153 4095 1363 4182 testimonia,
1767 4053 1830 4130 D‘
1845 4053 2044 4163 omim-

375 4223 411 4280 et
425 4227 489 4299 per
502 4197 569 4272 hos
583 4194 763 4284 collegerit
779 4191 847 4262 sibi
861 4185 1066 4267 Ecclesiam.
1099 4191 1214 4266 ·Haec
1227 4203 1363 4269 summa
1514 4182 1593 4258 11⁰⁰
1609 4185 1687 4259 ¹⁰⁰⁰
1705 4204 1739 4263 01
1752 4193 1799 4264 de
1815 4199 1981 4291 ⁰0¹¹l¹¹850
1997 4205 2169 4292 dicemffi,
2192 4189 2308 4300 quieuit

374 4301 545 4384 beneficia
567 4296 637 4369 Dei
660 4293 882 4366 considerare
904 4305 942 4364 et
969 4294 1146 4368 celebrare
1167 4299 1362 4388 oportebat,
1413 4297 1492 4355 lum
1514 4300 1567 4360 0⁸1
1592 4289 1668 4359 fieti
1698 4295 1917 4370 mentionem
1948 4305 2023 4375 eius
2047 4301 2313 4379 intersecaret

374 4425 410 4486 et
426 4429 491 4502 pro
508 4401 560 4474 eis
578 4397 706 4490 gratias
721 4415 839 4484 agere,
866 4395 1005 4485 quoties
1026 4409 1227 4469 sanctorum
1248 4393 1362 4472 bisto-
1413 4385 1487 4457 Nec
1505 4389 1690 4490 ,ἅὶῑὸθΰδῖθ
1706 4389 1749 4488 ”)
1784 4413 1836 4470 θδῑ
1860 4403 1952 4489 ulla,
1991 4409 2079 4500 quid
2112 4409 2159 4481 sit
2181 4397 2316 4487 conissium*

373 4513 447 4586 fiae
460 4505 655 4580 recitantur
669 4508 731 4568 ant
744 4495 953 4586 cogitantur.
1414 4487 1505 4560 sient
1524 4504 1559 4562 et
1580 4495 1804 4568 manifestum
1827 4515 1879 4571 est
1903 4504 1947 4574 de
1967 4502 2024 4576 his
2044 4510 2160 4582 tribus
2174 4511 2247 4578 vitae
2257 4487 2317 4596 eall·

475 4603 653 4680 seeundo.
704 4595 797 4668 Tota
819 4596 1029 4685 gubernatio
1050 4593 1230 4670 Ecclesiae
1251 4602 1290 4672 in
1304 4597 1363 4674 bi·
1414 4591 1492 4676 bus,
1507 4593 1552 4662 de
1563 4594 1738 4686 coniugio,
1757 4601 1802 4669 de
1817 4602 1987 4692 dignitate
2000 4613 2143 4682 ordinis
2156 4591 2320 4682 Ecclesiaste

374 4712 492 4788 storiis
506 4715 710 4778 sanctornm
724 4709 842 4768 mente
855 4699 1052 4788 reputanda
1066 4711 1127 4784 est,
1146 4713 1181 4770 et
1194 4699 1270 4772 Deo
1283 4727 1363 4794 gra-
1414 4704 1448 4762 el
1463 4693 1507 4762 de
1522 4693 1693 4784 dignitate
1714 4701 1877 4789 politicae
1892 4709 2160 4796 gnbemationis
2179 4713 2210 4780 in
2223 4689 2319 4778 paterii

374 4819 444 4888 ,iae
460 4809 632 4902 agendae,
653 4801 750 4898 quod
765 4798 916 4870 subinde
934 4798 1088 4869 restituit
1104 4825 1226 4872 vocem
1241 4802 1363 4878 Evan.
1412 4793 1544 4863 nostris
1555 4795 1726 4886 singulari
1738 4800 1808 4873 Dei
1824 4807 1992 4881 beneficio
2009 4815 2202 4886 doctrinam
2216 4797 2321 4901 praeditt

373 4916 474 5009 gelii,
501 4925 535 4982 et
552 4907 639 4980 alios
653 4914 759 4996 atquc
773 4901 861 4970 alios
870 4893 914 4995 ³⁶)
931 4899 1032 4971 voc'at
1045 4914 1080 4972 et
1094 4904 1288 4976 confirmat.
1372 4985 1380 4996 ,
1411 4895 1622 4966 illustratam
1638 4913 1671 4970 et
1686 4920 1910 4996 repurgatam
1926 4935 2014 5000 esse,
2040 4939 2133 5010 quae
2148 4925 2233 4985 antea
2247 4908 2271 4974 in
2285 4909 2321 4962 ¹¹*

475 5011 611 5082 Tertio,
663 5002 820 5094 Insignia
842 5003 1000 5094 exempla
1022 5001 1153 5092 gratiae
1168 5001 1237 5075 Dei
1258 5008 1297 5078 in
1313 5009 1363 5080 eis
1413 4996 1612 5068 ditionibus
1633 4999 1845 5078 Pontificum
1869 5023 1905 5082 et
1932 5013 2172 5088 deliramentis
2199 4991 2322 5082 moralt

2249 609 2260 652 e
2271 613 2304 675 pe·

373 5111 659 5210 conspiciuntur,
684 5101 882 5176 sicntDeus
895 5103 1047 5176 remittit
1061 5119 1200 5198 peccata
1214 5104 1362 5194 Apu-0113,
1413 5121 1495 5170 rum
1516 5101 1619 5170 valde
1634 5104 1818 5180 obscurata
1833 5123 1868 5182 et
1881 5119 2120 5193 contaminata
2136 5120 2240 5189 suerat

374 5307 599 5339 ..ρ-...-

1446 5359 1492 5430 87)
1510 5361 1573 5417 Per.
1587 5362 1675 5421 addit:
1692 5403 1711 5438 „
1720 5375 1746 5420 et
1760 5365 1817 5439 ipse
1830 5369 1939 5430 fretev'

405 5445 450 5516 86)
468 5443 539 5500 ulier
551 5447 638 5508 arteve
650 5435 735 5504 attor]
748 5435 812 5492 Per.
824 5435 934 5505 aliquos
947 5437 1118 5520 meremor.
1447 5443 1494 5516 88)
1510 5449 1657 5518 mserum]
1676 5449 1738 5506 Per.
1756 5451 1891 5522 desereto.
