4776 6260
319 302 392 372 eu
895 282 1338 387 uersrouanuu
1388 299 1499 384 utu
1532 303 1597 381 ιιι.
1651 299 1786 378 1646.
2250 315 2298 390 ιιι

323 476 596 562 interfecerunt,
628 501 710 550 cmn
732 474 1224 582 Epispoporumutgnicaem
1247 503 1323 552 non
1370 479 1537 572 amplecti
1551 491 1587 548 et
1602 499 1796 570 propagare
1811 477 1962 563 vellent,
1987 490 2022 548 et
2042 478 2136 551 lieret
2153 487 2298 572 mutantia

323 581 534 666 violassent,
566 581 639 650 imo
666 605 732 673 pro
760 583 811 652 eis
833 583 976 654 labores
1001 585 1194 656 ministerii
1215 583 1324 658 susti·
1370 583 1401 651 si
1425 583 1489 675 qui
1507 581 1671 672 deinceps
1686 581 1824 654 utiliter
1838 577 2019 651 Ecclesiae
2031 578 2097 652 Dei
2114 583 2250 654 servituri
2266 613 2299 658 es-

325 683 505 764 nuissent,
535 707 576 754 ac
598 684 750 756 fuissent
770 685 927 756 ministri
948 686 998 778 pii
1017 702 1053 760 et
1073 687 1262 773 salutares,
1283 699 1326 757 ut
1372 699 1466 771 sent,
1492 679 1558 754 hos
1574 697 1753 776 oporteret
1769 683 1876 753 etiam
1889 683 2074 777 perlicere,
2096 699 2134 756 ut
2143 690 2299 760 necessariae

324 786 432 856 multi
455 810 578 856 eorum
600 809 686 856 voce
715 788 761 857 ad
786 786 903 858 Deum
930 790 1110 878 conversi,
1140 789 1226 862 facti
1253 788 1327 860 sint
1370 788 1572 858 functiones
1594 809 1659 877 per
1681 809 1764 858 suos
1785 799 1880 858 recte
1914 786 2234 863 administrarentur.
2273 788 2301 862 lt

326 883 496 959 haeredes
512 889 605 960 vitae
627 903 800 966 aeternae.
1371 913 1576 983 quanquam
1594 890 1705 982 aliqui
1720 888 2010 960 reformationem
2028 886 2256 982 Episcopomm
2268 893 2301 962 iu·

426 989 465 1062 Si
488 1015 573 1061 vero
594 987 785 1083 Episcopi,
810 1006 852 1064 ut
873 988 1062 1080 hactonus,
1087 994 1137 1065 ita
1158 994 1325 1086 deinceps
1373 992 1528 1064 stituunt
1547 993 1592 1060 ad
1611 1005 1769 1062 veterum
1788 1015 1966 1063 canonum
1985 993 2204 1074 severitatem.
2226 1005 2301 1064 tanen

326 1088 472 1164 hostilia
495 1093 627 1165 facient
656 1107 777 1164 contra
803 1096 1021 1182 doctrinam,
1054 1120 1162 1190 quam
1180 1097 1326 1188 prolite-
1372 1095 1564 1164 discrimen
1580 1107 1632 1164 est
1647 1095 1740 1164 inter
1754 1095 1920 1164 mandata
1936 1094 2073 1180 divina,
2097 1119 2180 1187 quae
2198 1109 2302 1166 suntne

326 1218 427 1280 mur,
453 1195 554 1264 nulla
577 1197 817 1288 poteritinter
838 1198 919 1269 illos
941 1211 976 1269 et
999 1189 1140 1271 nostros
1163 1200 1327 1268 sacerdo·
1372 1211 1491 1282 terna,
1517 1217 1583 1264 nec
1601 1204 1748 1288 propter
1763 1194 1995 1287 imperiorum
2011 1197 2209 1268 mutationes
2224 1198 2302 1267 deleu-

327 1309 380 1368 tes
397 1310 432 1367 et
448 1299 608 1368 doctores
623 1297 700 1368 lieri
716 1301 913 1372 concordia·
967 1298 1066 1388 Quid
1082 1325 1166 1372 vero
1183 1291 1326 1372 Princi-
1372 1301 1543 1382 desunt,
1570 1311 1604 1369 ct
1629 1301 1796 1370 mandata
1820 1293 1998 1383 humana,
2032 1323 2119 1392 quae
2141 1301 2302 1390 temporibus

326 1420 408 1489 pes,
428 1412 462 1469 et
476 1400 615 1491 politici
628 1403 883 1490 gubernatores
896 1401 1081 1492 civitatum
1098 1404 1228 1476 facturi
1243 1403 1326 1488 sint,
1373 1415 1408 1470 et
1429 1426 1510 1472 cum
1539 1401 1698 1492 imperiis
1729 1414 1932 1480 mutantur,
1965 1402 2059 1472 sicut
2086 1425 2198 1471 omnes
2220 1401 2304 1470 eruditi

327 1501 488 1592 ipsorum
512 1503 761 1574 deliberationi
787 1506 1034 1598 relinquimus.
1086 1503 1160 1576 Nos
1181 1507 1325 1600 quidem
1372 1504 1489 1576 sciunt
1511 1503 1653 1572 divinas
1677 1519 1712 1574 et
1732 1516 1894 1574 aeternas
1914 1502 2007 1593 leges
2029 1505 2130 1594 longe
2151 1504 2304 1576 differreal

327 1604 390 1697 qui
413 1605 484 1674 iam
505 1606 704 1677 ministerio
720 1604 909 1698 Evangelii
923 1609 1130 1698 fungimur,
1153 1633 1227 1678 non
1243 1631 1327 1700 pos-
1372 1600 1539 1678 humanis
1569 1594 1833 1676 senescentibus
1858 1617 1891 1674 et
1921 1606 2177 1678 intereuntibus
2203 1606 2304 1695 legibus:
2334 1643 2335 1696 γ

327 1727 448 1777 sumus
472 1733 553 1778 curn
578 1708 641 1794 iis,
668 1709 732 1799 qui
755 1734 899 1780 manere
914 1712 1042 1782 volunt
1056 1705 1243 1800 Evangelii
1259 1706 1325 1780 ho·
1372 1706 1422 1780 Ut
1437 1709 1469 1778 si
1488 1707 1639 1780 Senatus
1653 1706 1848 1799 Spartanus
1866 1731 1962 1778 nunc
1979 1706 2130 1802 Lycurgi
2151 1709 2229 1796 leges
2240 1707 2303 1776 resti
2334 1699 2335 1756 l

328 1821 415 1894 stes,
437 1813 666 1882 concordiam
680 1812 827 1902 facere,
846 1814 978 1884 exitum
1000 1826 1118 1886 autem
1131 1810 1230 1898 Deo,
1262 1813 1326 1906 qui
1372 1824 1471 1881 tuere
1493 1811 1619 1896 vellet,
1646 1824 1688 1881 ut
1718 1811 1793 1901 agri
1823 1810 2062 1882 communiter
2088 1813 2304 1894 colerentur,ct

208 1900 213 1924 “
327 1925 378 1982 est
394 1912 506 1983 iustus
521 1914 647 1997 iudex,
676 1926 710 1984 et
732 1915 897 2004 promisit
916 1940 951 1986 se
967 1940 1029 1986 sua
1044 1915 1240 2007 praesentia
1256 1915 1326 1984 mi·
1371 1912 1489 2002 fruges
1505 1936 1569 2003 pro
1587 1913 1756 2006 cuiusque
1774 1911 2037 2005 patrisfamilias
2056 1914 2238 1984 necessitate
2250 1910 2304 1981 divi

327 2014 514 2084 nisterium
530 2012 719 2105 Evangelii
733 2019 961 2088 defensurum
979 2042 1070 2104 esse,
1097 2019 1325 2090 commenda·
1372 2016 1552 2089 darentur.

327 2114 465 2201 bimus,
492 2131 609 2187 utram
623 2133 781 2210 partem,
808 2133 842 2190 et
859 2123 1038 2214 quomodo
1060 2144 1125 2192 nos
1140 2133 1325 2214 protecto-
1471 2116 1568 2202 Haec
1583 2116 1722 2187 novitas
1740 2137 1814 2186 non
1839 2119 2036 2188 necessaria
2059 2115 2304 2207 †etmaguoslu·

328 2241 389 2288 rus
404 2218 467 2302 sit,
492 2219 586 2290 sicut
600 2215 793 2312 Apostolos
810 2247 950 2294 neccsse
963 2224 1034 2295 suit
1046 2221 1124 2295 Deo
1141 2219 1324 2294 commen'-
1371 2220 1506 2290 multus
1523 2217 1708 2312 paritura''
1735 2233 1841 2304 esset3
1868 2220 1961 2290 illud
1978 2233 2098 2292 tamen
2114 2244 2201 2292 nuuc
2213 2237 2304 2312 quoqu

329 2321 413 2390 dare
429 2315 605 2392 Ecclesiae
622 2324 675 2392 sui
691 2325 860 2416 temporis
875 2325 1130 2400 defensionem.
1170 2323 1260 2396 Nam
1284 2339 1326 2396 ut
1372 2321 1519 2414 Spartae
1534 2321 1771 2392 necessarium
1790 2334 1862 2407 est,
1883 2335 1926 2392 ut
1946 2325 2115 2394 mandata
2135 2320 2196 2393 Dei
2213 2340 2303 2390 serven·

328 2423 430 2512 prius
450 2423 584 2496 dictum
617 2438 685 2511 est',
715 2428 844 2498 scimus
875 2429 1114 2500 ministerium
1133 2423 1325 2517 Evangeli-
1347 2407 1449 2525 itur,
1473 2439 1515 2496 ut
1538 2419 1818 2516 prohibeantur,
1843 2437 1877 2496 et
1899 2426 2099 2515 puniantur
2119 2426 2247 2496 iniustae
2260 2443 2304 2490 cae

293 2563 294 2566 ¹
328 2549 408 2595 cum
435 2551 509 2596 non
539 2529 584 2596 ab
612 2524 780 2599 humanis
800 2530 1062 2614 voluntatibus,
1102 2543 1164 2600 aut
1191 2531 1334 2621 praesi-¹
1371 2530 1453 2613 des,
1481 2527 1668 2612 adulteria,
1692 2540 1756 2602 etc.

330 2627 397 2696 diis
423 2631 598 2719 pendere,
622 2631 683 2700 sed
706 2632 840 2702 servari
864 2657 883 2702 a
909 2630 1067 2702 Domino
1097 2646 1218 2722 nostro
1246 2628 1325 2706 lesu
1475 2629 1527 2702 lta
1543 2631 1582 2698 i'n
1599 2626 1663 2700 hac
1679 2629 1950 2716 reformatione,
1975 2655 2060 2700 curn
2078 2621 2300 2700 manifestunul

328 2723 490 2816 Christo,
520 2745 561 2802 ιιι
587 2734 681 2824 apud
704 2731 858 2804 Hoseam
885 2734 1030 2805 dicitur:
1070 2727 1239 2804 Salvaho
1266 2757 1326 2804 eos
1370 2733 1410 2803 in
1432 2733 1532 2802 omni
1554 2731 1809 2822 gubernatione
1837 2757 1927 2824 opus
1950 2757 2022 2804 esse
2050 2721 2301 2824 maluspanis

329 2827 369 2900 in
385 2828 555 2902 Domino
570 2828 656 2906 Deo
672 2857 757 2922 suo,
782 2843 813 2906 cl
829 2858 904 2906 non
919 2831 1078 2907 salvabo
1092 2857 1151 2904 eos
1171 2832 1212 2908 c'n
1235 2858 1325 2906 arcu
1373 2848 1407 2906 et
1421 2831 1486 2906 bas
1503 2836 1579 2904 sine
1596 2835 1692 2906 victu
1710 2847 1744 2902 ct
1758 2834 1835 2902 sine
1852 2835 2041 2927 stipendiis
2057 2836 2172 2906 vivere
2193 2846 2303 2918 nonpte

330 2941 361 3004 el
378 2929 523 3028 gladio.
1374 2961 1429 3022 se,
1456 2961 1596 3010 necesse
1613 2937 1680 3006 erit
1696 2936 1802 3006 ctiam
1819 2932 2035 3030 Episcopus,
2065 2939 2128 3033 qui
2148 2937 2256 3008 faciunt
2268 2949 2302 2997 ne

428 3034 595 3132 Denique
622 3042 668 3110 ad
700 3042 795 3133 piam
825 3041 1051 3112 concordiam
1071 3043 1173 3114 nulla
1196 3043 1253 3114 via
1275 3058 1326 3115 est
1375 3041 1695 3140 cessariossumtus
1711 3039 1752 3106 in
1772 3035 2050 3129 gubernatione,
2078 3031 2301 3110 habersuam
2334 3045 2335 3060 ¹

329 3137 417 3224 alia,
439 3140 509 3210 nisi
530 3135 634 3212 haec:
666 3158 706 3215 ut
728 3139 896 3235 Episcopi
920 3169 1039 3248 veram
1065 3145 1264 3218 doctrinam
1292 3160 1328 3217 et
1374 3134 1426 3214 tei
1449 3142 1596 3236 aliquas.
1648 3139 1864 3234 Quanquam
1884 3156 2000 3213 autem
2024 3140 2222 3234 gubernatio
2238 3137 2303 3223 impr

328 3239 525 3330 legitimum
551 3265 657 3314 usum
679 3243 990 3318 sacramentorum
1012 3248 1271 3341 amplectantur
1293 3261 1327 3319 et
1373 3246 1510 3315 riorum
1529 3258 1565 3314 et
1585 3243 1794 3312 immodicae
1816 3267 1901 3335 opes
1919 3245 2123 3336 impediunt
2143 3237 2302 3346 administra

329 3366 396 3414 nos
418 3345 504 3436 ipsis
527 3359 697 3441 tanquam
718 3344 897 3419 Ecclesiae
919 3351 1218 3439 gubernatoribus
1239 3353 1326 3424 obe·
1375 3349 1508 3419 tionem
1525 3344 1766 3446 Ecclesiarum
1790 3360 1824 3417 et
1838 3346 2022 3418 literarum
2041 3349 2176 3433 studia,
2198 3359 2227 3414 et
2244 3336 2301 3410 nult

330 3445 486 3533 diamus;
513 3451 557 3518 ad
575 3452 670 3543 quod
694 3475 761 3520 nos
775 3451 970 3526 offerimus.
1021 3451 1109 3523 Plus
1131 3454 1253 3544 largiri
1277 3454 1325 3524 si·
1373 3451 1426 3543 pii
1439 3464 1474 3521 et
1489 3451 1679 3541 prudentes
1694 3461 1777 3518 ante
1791 3442 1876 3519 haec
1893 3449 2007 3518 secula
2023 3473 2100 3522 non
2116 3466 2232 3524 temere
2242 3459 2301 3536 qut*

329 3571 375 3618 ne
404 3572 530 3640 magno
561 3567 701 3642 peccato
730 3566 793 3623 aut
821 3554 898 3624 sine
921 3556 1143 3626 contumelia
1158 3553 1226 3626 Dei
1249 3581 1325 3628 non
1373 3554 1419 3622 sti
1435 3565 1536 3635 suut,
1561 3548 1757 3642 Episcopus
1774 3551 1927 3621 nimium
1943 3568 2133 3644 occupatos
2149 3574 2214 3622 esse
2232 3539 2300 3639 prtft

328 3673 527 3742 possumus.
577 3650 633 3724 Ex
649 3649 714 3725 hac
731 3655 987 3745 significatione
1004 3671 1144 3728 nostrae
1157 3660 1325 3730 volunta·
1372 3655 1430 3726 nis
1451 3655 1602 3743 negotiis
1623 3654 1856 3745 imperiorum
1881 3666 1917 3723 et
1946 3679 2056 3745 opum
2090 3677 2222 3726 suarum
2244 3663 2299 3716 tum*

328 3754 375 3824 tis
389 3754 581 3824 deferentis
596 3757 635 3825 in
650 3751 718 3826 hoc
733 3781 816 3828 casu
830 3760 1081 3840 obedientiam,
1095 3762 1324 3832 manifestum
1373 3756 1513 3828 Tamen
1537 3769 1724 3848 postquam
1747 3779 1844 3826 nunc
1866 3757 1947 3827 talis
1970 3771 2023 3828 est
2044 3758 2166 3850 politia
2189 3768 2219 3824 et
2240 3762 2298 3837 opttt

331 3869 399 3942 est,
421 3879 487 3926 nos
503 3859 588 3927 satis
610 3873 789 3931 excusatos
806 3885 887 3931 cum
903 3863 1008 3934 nobis
1031 3861 1218 3934 obiicitur:
1250 3861 1324 3934 Nos
1372 3859 1564 3943 ordinatio,
1588 3873 1623 3929 et
1634 3855 1801 3950 Episcopi
1821 3861 2013 3949 prudentes
2028 3874 2064 3931 et
2079 3847 2297 3930 timenteslleu

330 3960 571 4058 contumaciae
609 3973 644 4030 et
675 3957 923 4034 schismatibus
955 3988 1111 4036 caussam
1145 3966 1324 4058 praebere.
1371 3977 1466 4034 recte
1478 3963 1534 4032 uti
1546 3962 1619 4032 suis
1632 3960 1859 4032 facultatibus
1871 3974 2035 4053 possent,
2061 3985 2127 4032 nos
2142 3960 2230 4028 illam
2242 3961 2293 4040 ον’

330 4057 387 4130 Ad
412 4061 451 4132 id
477 4056 562 4132 haec
583 4065 765 4156 responsio
790 4080 850 4138 est.
906 4065 981 4138 Nos
1000 4067 1129 4138 offerre
1152 4069 1324 4142 obedien·
1372 4080 1407 4137 et
1429 4066 1607 4135 ditionum
1632 4063 1887 4156 possessionem
1910 4089 1985 4134 non
2014 4065 2202 4136 turbamus
2251 4037 2291 4122 lltl

328 4163 434 4247 tiam,
447 4165 478 4233 si
491 4188 564 4234 non
579 4169 759 4257 postulent
774 4192 794 4238 a
810 4169 934 4255 nobis,
947 4184 990 4242 ut
1004 4169 1189 4242 veritatem
1200 4167 1323 4244 Evan-
1371 4182 1489 4239 autem
1514 4167 1668 4258 agimus,
1691 4181 1730 4254 ut
1754 4165 1809 4235 illi
1825 4166 1892 4257 ipsi
1908 4161 2077 4258 Episcopi
2094 4180 2128 4236 et
2142 4153 2297 4266 collegat

329 4266 413 4355 gelii
428 4266 635 4338 abiiciamus
648 4282 683 4339 et
698 4271 917 4348 damnemus.
1231 4309 1233 4316 ·
1371 4271 1496 4364 populi
1515 4269 1657 4340 illarum
1673 4269 1849 4338 ditionum
1869 4269 1913 4337 ad
1931 4293 2049 4338 veram
2065 4263 2195 4338 Christi
2207 4253 2299 4349 agnilt

430 4366 500 4440 Hic
521 4372 551 4438 si
573 4371 766 4444 obiiciuntt
799 4377 1050 4466 expectandam
1075 4397 1190 4449 esse‘a
1216 4379 1323 4449 nobis
1371 4399 1453 4444 nem
1478 4387 1513 4444 et
1533 4396 1653 4442 veram
1677 4370 1940 4442 invocationem
1963 4369 2031 4442 Dei
2054 4372 2263 4446 adducantur,
2280 4355 2300 4462 li

330 4471 571 4560 cognitionem
585 4475 1080 4562 controversiarum,vicissim
1091 4480 1321 4574 opponimus:
1370 4500 1486 4547 mores
1505 4475 1752 4562 collegiorum,
1777 4474 1841 4567 qui
1862 4487 1947 4544 suut
1967 4473 2101 4543 similes
2124 4453 2300 4541 nuncetia-
2334 4547 2335 4552 ἵ

328 4574 489 4644 damnari
508 4599 575 4645 nos
598 4575 729 4648 iniuste
752 4594 833 4650 ante
852 4583 1107 4672 cognitionem,
1134 4567 1180 4656 et'
1191 4583 1323 4657 iniuste
1370 4580 1437 4665 cis,
1463 4579 1712 4661 emendentur,
1733 4589 1776 4646 ut
1788 4589 1926 4646 constat
1937 4572 2138 4646 Canonicos
2152 4570 2300 4666 plerosque

329 4677 571 4748 crudelitatem
601 4681 753 4750 exerceri
783 4685 890 4754 rebus
925 4687 1088 4757 nondum
1117 4685 1322 4758 diiudicatis
1370 4684 1512 4772 ignaros
1534 4701 1615 4750 ¹esse
1637 4679 1818 4750 doctrinae
1840 4672 1994 4762 Christi,
2024 4672 2177 4748 Ethnica
2197 4663 2301 4766 prolut-

328 4803 411 4850 vero
423 4775 600 4850 Ecclesiae
614 4781 757 4856 iudicio.
1369 4798 1442 4856 tate
1460 4793 1727 4853 contemnentes
1755 4779 1981 4872 religionem,
2009 4781 2149 4850 deditos
2174 4773 2301 4844 obscotms
2334 4769 2335 4784 ¹

427 4879 608 4954 Praeterea
625 4886 730 4956 multi
747 4911 787 4956 er
803 4887 888 4978 ipsis
909 4888 1025 4960 sciunt
1040 4890 1238 4975 doctrinam
1254 4915 1322 4961 no·
1369 4885 1623 4979 voluptatibus.
1674 4881 1835 4978 Cumque
1851 4884 2038 4975 praecipua
2058 4897 2093 4954 et
2112 4873 2236 4973 propria
2252 4875 2301 4932 cun

326 4997 479 5054 strarum
508 4981 766 5075 Ecclesiarum,
803 4990 896 5060 sicut
928 4993 967 5060 in
994 4987 1164 5062 Ecclesiis
1189 4993 1321 5064 nostris
1370 5013 1443 5060 csse
1469 4987 1700 5078 collegiorum
1724 4987 1884 5066 deberet,
1919 4989 2045 5056 docere
2066 4965 2301 5068 Evangeliuutl

324 5087 557 5178 proponitur,
590 5103 625 5162 et
653 5091 744 5163 sicut
768 5115 843 5161 eam
865 5094 935 5162 iam
967 5117 1069 5184 saepe
1097 5095 1136 5164 in
1156 5092 1321 5166 Comitiis
1369 5094 1407 5162 in
1439 5091 1512 5162 suis
1538 5091 1760 5160 dioecesibus
1789 5112 2001 5179 propagare,
2042 5085 2243 5189 manifestum
2262 5071 2301 5180 fb

324 5190 474 5264 confessi
489 5213 609 5264 sumus
633 5194 952 5279 etdcclaravimus‚
979 5210 1013 5266 et
1039 5198 1159 5267 dextre
1183 5222 1223 5267 ac
1245 5222 1320 5266 non
1369 5194 1529 5267 omniurn
1561 5194 1714 5262 maxime
1742 5192 1787 5260 ab
1823 5192 1873 5260 eis
1901 5191 2034 5280 negligi
2058 5201 2092 5260 et
2114 5177 2301 5274 superbient

266 5291 274 5298 ’
324 5295 541 5366 calumniose
557 5296 772 5367 intellectam
790 5320 909 5366 veram
929 5311 963 5366 et
979 5299 1152 5370 sinceram
1168 5294 1319 5370 catholi-
1368 5297 1548 5371 contemni
1563 5320 1693 5366 munus
1708 5295 1872 5367 docendi.
1933 5268 2301 5391 lnitio'collegiafuetttut

323 5421 383 5470 cae
398 5393 468 5466 Dei
490 5394 668 5468 Ecclesiae
692 5399 903 5470 sententiam
928 5423 1012 5470 esse.
1065 5400 1205 5492 Quodsi
1229 5397 1318 5497 Epi·
1367 5397 1611 5473 honestissimi
1633 5411 1751 5468 coetus
1773 5396 2075 5467 sanctissimorum
2104 5403 2136 5460 et
2158 5379 2300 5486 erudrtpn-

320 5501 417 5592 scopi
451 5523 571 5570 veram
605 5502 804 5574 doctrinam
837 5499 1078 5574 Ecclesiarum
1115 5519 1317 5579 nostrarum
1367 5526 1509 5576 morum
1530 5496 1718 5571 hominum
1745 5514 1821 5572 tuto
1850 5499 1936 5569 orbe
1959 5510 2131 5569 terrarum
2150 5481 2298 5559 donnum
