4842 6256
95 327 179 404 ssr
492 305 496 309 ’
677 319 1119 400 nrrsrosanuu
1168 323 1274 400 nra.
1309 323 1373 402 rx,
1427 323 1554 404 rsss.
2063 325 2140 412 sss

95 501 265 584 edocete,
290 509 360 584 est,
398 495 595 588 cogitarent
622 498 784 590 utrique,
823 509 895 569 tam
926 497 1097 582 doctores,
1145 495 1392 590 illacrymaret.
1442 495 1532 570 Nam
1555 513 1590 571 et
1614 505 1681 570 tno'
1698 507 1857 572 moerore
1866 495 2139 590 adliciebantur.

9 595 10 598 '
93 620 206 700 quam
220 597 419 692 Principes.
470 598 542 670 Sed
554 625 635 670 cum
652 600 807 691 pericula
824 601 1002 672 cumulata
1015 600 1098 684 sint,
1142 611 1181 670 ot
1205 598 1437 673 adolescentis
1458 601 1697 676 immaturam.
1715 618 1866 674 mortem
1894 605 2140 696 deplorabant,

95 729 139 777 ex
155 717 394 797 utrorumque
409 701 533 772 erratis
547 723 724 771 annorum
738 701 979 792 superiorum,
1001 725 1097 772 nunc
1145 713 1179 770 et
1195 700 1257 793 qui
1275 725 1354 770 eum
1370 701 1583 772 familiarius
1599 717 1771 774 noverant
1792 705 2009 796 reipublicae
2027 706 2141 778 iactu·

95 809 203 880 video
232 806 376 876 nullum
406 825 479 873 esse
508 801 708 876 consilium.
768 800 865 888 lmo,
900 816 941 873 ut
969 803 1007 872 in
1038 827 1097 873 ex·
1144 826 1220 872 rarn
1244 803 1431 872 deflebant.
1490 801 1582 874 Nam
1606 799 1673 874 hoc
1701 804 1883 895 ingenium
1905 831 2034 896 magno
2057 807 2148 878 usni'

96 923 211 984 trema
236 905 504 999 desperatione,
546 905 819 975 deliberationes
840 906 945 976 etiam
977 905 1097 975 nullae
1145 919 1249 997 atque
1265 919 1476 977 ornamento
1503 905 1667 976 ecclesiae
1682 908 1843 978 futurum
1863 932 2137 1000 speraveramns.

97 1009 289 1086 habentur.
340 1006 414 1080 Nos
434 1009 543 1100 igitur
559 1009 685 1077 ducem
702 1020 737 1077 et
751 1007 966 1078 monitorem
981 1004 1096 1076 Deum
1145 1002 1249 1075 Meus
1271 1029 1354 1075 vero
1375 1006 1480 1076 dolor
1503 1030 1545 1076 eo
1563 1021 1614 1080 est
1633 1008 1766 1092 acrior,
1792 1010 1875 1101 quia
1892 1005 1981 1080 rnihi
1994 1008 2140 1082 Samuel

104 1134 305 1208 sequemur,
338 1111 368 1180 si
386 1105 477 1205 quae
493 1125 597 1180 erunt
612 1111 651 1180 in
668 1124 845 1181 conventu
859 1113 903 1181 de
919 1103 975 1180 his
990 1109 1097 1182 rebus
1143 1106 1208 1179 filii
1226 1107 1304 1182 loco
1321 1121 1415 1199 erat,
1439 1131 1496 1182 me
1513 1109 1669 1194 colebat,
1693 1133 1771 1179 mea
1785 1111 1900 1181 studia
1916 1112 2139 1204 sequebatur,

109 1215 263 1288 omniurn
277 1215 443 1284 maximis
456 1213 742 1288 deliberationes.
794 1209 876 1282 Non
896 1213 1007 1282 multa
1028 1214 1097 1280 im·
1145 1233 1279 1304 egoque
1301 1237 1419 1305 saepe,
1445 1239 1526 1284 eum
1545 1215 1707 1302 intuens,
1733 1233 1858 1308 magua
1884 1212 2013 1282 laetitia
2041 1213 2136 1281 adle-

105 1319 282 1388 moderate
296 1315 382 1400 feei,
416 1331 477 1388 ant
497 1315 527 1383 si
549 1315 636 1406 qnid
653 1315 742 1399 -fcci,
767 1337 787 1384 a
805 1337 950 1386 menon
968 1327 1021 1386 est
1037 1337 1096 1384 or·
1144 1324 1331 1394 crossum,
1358 1321 1521 1404 sperans,
1544 1318 1628 1386 talia
1644 1313 1940 1412 aliqnaingenia,
1965 1327 2000 1390 el
2021 1313 2061 1390 in
2082 1307 2138 1382 his

99 1433 193 1503 tom,
221 1429 317 1487 certe
332 1437 470 1508 semper
482 1416 537 1486 fui
552 1417 684 1486 nostris
700 1411 880 1497 hortator,
908 1413 969 1501 nt,
998 1416 1093 1510 quod
1142 1410 1239 1484 hunc
1263 1413 1483 1496 Samuelem,
1509 1416 1681 1488 divinitus
1705 1423 1858 1508 servari,
1884 1446 1930 1492 ne
1956 1425 2000 1492 ad
2020 1436 2135 1514 poste-

98 1521 264 1590 videbam
287 1519 390 1588 facile
414 1519 491 1587 fieri
517 1539 637 1608 posse,
663 1518 835 1588 mediocri
850 1519 1094 1596 moderatione
1141 1539 1201 1585 ros
1224 1517 1368 1586 ecclesia
1390 1518 1466 1586 sine
1489 1519 1636 1590 eruditis
1660 1523 1866 1592 doctoribus
1889 1537 1924 1594 ct
1945 1524 2136 1594 moderatis

94 1620 393 1716 tranquillitatem
416 1617 630 1689 Germaniae
651 1632 850 1693 tuerentur.
908 1617 978 1691 Sed
1003 1613 1094 1688 hauc
1138 1619 1437 1706 gubernatoribus
1450 1635 1550 1695 esset.
1585 1619 1820 1694 Memineram
1838 1637 1890 1708 te,
1915 1642 1950 1696 et
1965 1625 2134 1694 familiam

95 1737 207 1798 totam
226 1716 492 1816 philosophiam
509 1721 655 1814 quidam
670 1743 816 1813 prorsus
832 1721 997 1811 ignorant
1015 1723 1094 1792 τῶν
1141 1731 1236 1788 tuam
1253 1718 1322 1789 Dei
1337 1720 1507 1790 beneficio
1531 1736 1707 1793 servatum
1732 1749 1804 1796 esse
1827 1739 2005 1816 grassante
2026 1727 2135 1820 pesti-

94 1817 297 1920 ἀρχόντων
322 1817 455 1894 τεκαὶ
484 1814 723 1921 δημηγόριυν.
781 1820 883 1894 Sicut
914 1821 968 1890 illi
997 1823 1090 1913 apud
1140 1819 1248 1891 lentie
1265 1821 1431 1893 atrociter
1447 1845 1543 1894 auno
1557 1827 1758 1916 superiore,
1788 1839 1821 1897 et
1837 1827 2015 1913 videbam,
2038 1841 2134 1898 aeus-

95 1925 316 2010 Homerum,
353 1947 422 2019 qna
450 1938 550 2016 parte
584 1925 637 1994 sol
661 1923 814 2007 udatur,
853 1947 923 2017 qua
944 1923 1092 1996 occidat.
1139 1934 1211 1992 tem
1225 1922 1258 1990 ei
1271 1945 1365 2007 non,
1390 1937 1430 1994 nt
1444 1924 1542 2011 aliis,
1568 1928 1699 1998 addere
1716 1928 1955 2014 insolentiam,
1975 1931 2040 2002 sed
2056 1953 2136 1998 mo-

96 2027 205 2099 lossit
221 2025 277 2095 his
291 2019 704 2118 proximisdiebnsmihi
723 2017 1012 2108 diciPontanus,
1036 2049 1091 2092 me
1139 2023 1288 2092 destiam
1304 2036 1338 2092 et
1352 2024 1716 2116 circumspectionem.
1767 2027 1857 2099 Erat
1875 2030 1984 2120 igitur
2005 2031 2044 2098 in
2068 2024 2134 2100 hac

94 2129 194 2202 utad
210 2142 426 2198 conventum
440 2151 701 2218 praepararem:
727 2125 912 2217 Respondi
927 2150 983 2195 me
999 2141 1031 2196 et
1047 2129 1090 2195 ad
1138 2125 1337 2218 frequentia
1363 2141 1477 2210 unns,
1511 2127 1550 2196 in
1575 2153 1681 2221 quem
1705 2133 1922 2223 prudentum
1948 2155 2075 2204 senum
2099 2141 2135 2206 et

93 2253 239 2304 caussae
265 2229 551 2322 explicationem,
592 2243 626 2300 et
647 2231 692 2297 ad
716 2227 873 2320 pericula
893 2225 962 2298 Dei
984 2229 1092 2297 benc-
1139 2227 1378 2298 studiosorum
1402 2227 1573 2302 iuvenum
1599 2231 1697 2302 oculi
1727 2233 1968 2306 intuebantur.
2025 2231 2135 2304 Senes

96 2334 196 2418 licio,
239 2330 467 2400 mediocriter
493 2345 671 2422 paratum,
710 2327 895 2423 Principes
920 2343 1092 2415 moneret,
1139 2330 1358 2419 gaudebant,
1383 2330 1572 2400 seminaria
1599 2333 1754 2403 ecclesiis
1776 2334 1861 2404 talia
1887 2334 2049 2418 excitari,
2075 2333 2133 2404 in·

95 2437 241 2508 tandem
270 2446 310 2503 ut
336 2432 406 2523 ipsi
434 2455 508 2501 sese
531 2443 715 2524 pararent,
756 2455 797 2500 ac
825 2432 1091 2516 constituerent,
1140 2453 1245 2500 venes
1268 2425 1363 2500 huuc
1388 2431 1602 2504 imitandum
1625 2435 1694 2504 sibi
1707 2435 1906 2509 censebant.
1957 2432 2132 2504 Dolebarn

96 2537 183 2634 quid
206 2534 386 2604 defensuri
407 2534 499 2618 siut,
531 2537 591 2603 sed
612 2528 698 2603 haec
718 2555 848 2602 coram.
901 2529 975 2602 lam
995 2534 1090 2602 enim
1139 2531 1248 2622 igitur
1260 2553 1343 2602 cnm
1359 2555 1379 2602 e
1396 2527 1517 2603 schola
1534 2550 1760 2618 evocaretur,
1786 2538 1845 2606 scd
1867 2549 1948 2610 tuae
1966 2535 2133 2606 solitudi-

96 2635 297 2728 interpellat
320 2628 528 2729 Dryondrr'
550 2637 678 2721 irater,
713 2635 778 2728 qui
799 2633 883 2705 satis
906 2635 1091 2704 commode
1138 2633 1195 2703 nis
1210 2656 1312 2702 causa
1334 2634 1586 2706 dimittendum
1608 2638 1742 2728 putavi.
1793 2635 2003 2708 Erravimus
2024 2635 2132 2726 igitur

96 2737 256 2812 vendidit
273 2731 333 2806 hic
347 2759 428 2806 snas
443 2731 637 2810 machinas.
1138 2734 1264 2814 ambo,
1290 2747 1325 2803 et
1346 2749 1386 2804 tn
1406 2749 1439 2807 et
1465 2759 1546 2826 ego,
1572 2763 1636 2808 nec
1653 2739 1881 2810 mediocriter
1904 2740 2034 2808 erroris
2061 2737 2131 2807 mei

201 2835 333 2911 Visam
350 2831 634 2907 Amerbasslmm
652 2838 739 2907 scito
754 2836 800 2906 ab
814 2831 1004 2908 Academia
1019 2834 1092 2905 Ba·
1138 2835 1351 2925 cogitatione
1373 2837 1521 2912 crucior.
1573 2837 1641 2911 Sed
1667 2839 1927 2911 decurrendum
1955 2852 2007 2910 est
2028 2837 2131 2910 nobis

104 2943 209 3014 varica
226 2941 442 3012 conductum
459 2961 550 3023 esse,
582 2954 623 3011 ut
639 2941 713 3029 ipse
727 2937 871 3019 scribit,
903 2940 947 3008 sd
970 2933 1090 3030 philo·
1137 2939 1180 3006 ad
1204 2931 1298 3007 hanc
1318 2961 1438 3008 veram
1463 2941 1758 3012 consolationem:
1786 2965 1859 3012 non
1883 2948 1934 3012 cst
1956 2936 2131 3012 voluntas

98 3039 257 3137 sophiam
276 3042 471 3113 docendam
486 3054 520 3111 et
534 3041 645 3110 bonas
661 3040 814 3111 litteras:
840 3039 946 3132 plane
962 3041 1090 3110 trium-
1134 3035 1340 3135 polris‚'nt
1358 3049 1482 3135 pareat
1509 3065 1605 3110 unns
1637 3036 1680 3112 de
1702 3040 1874 3140 parvulis
1897 3039 1991 3114 bras.
2048 3039 2130 3114 Non

94 3143 186 3241 phos
203 3146 274 3234 agit
291 3143 329 3212 in
346 3141 523 3235 epistolis,
555 3144 651 3236 quod
669 3165 688 3211 a
704 3139 917 3226 Titanibus,
947 3139 1089 3211 utMu-
1137 3161 1219 3209 casn
1240 3141 1440 3225 nascimur,
1481 3165 1547 3214 nec
1576 3156 1696 3234 putes,
1735 3169 1816 3216 casu
1839 3158 2024 3216 evocatum
2057 3168 2130 3214 esse

94 3272 196 3320 saeus
210 3245 428 3327 discesserit,
460 3257 495 3313 et
519 3243 696 3334 praeludit
705 3243 811 3312 novis
825 3242 1087 3315 certaminibus.
1136 3241 1247 3310 filium
1271 3265 1313 3310 ex
1333 3236 1399 3310 hac
1420 3243 1644 3318 mortalitate.
1702 3241 2001 3338 Obtemperemns
2020 3246 2130 3334 igitur

91 3349 176 3422 Nou
192 3349 323 3418 frustra
340 3345 458 3417 cariss.
476 3340 671 3430 Ioachime,
702 3345 881 3416 interdum
905 3345 1088 3438 querimur
1135 3341 1311 3411 voluntati
1327 3338 1415 3425 Dei,
1441 3356 1475 3413 et
1502 3346 1546 3413 de
1570 3344 1620 3414 ira
1644 3345 1720 3417 eius
1738 3348 1830 3416 etde
1847 3346 2050 3437 posteritate
2067 3369 2129 3418 co-

90 3455 138 3522 de
156 3443 421 3516 melancholicis
436 3445 584 3519 naturis.
636 3445 705 3518 Sed
723 3444 996 3514 feramusctiam
1017 3439 1088 3514 hu·
1134 3443 1303 3532 gitemus,
1330 3465 1370 3511 ac
1394 3467 1597 3534 precemur,
1627 3459 1668 3516 nt
1693 3447 1811 3540 aliqua
1831 3460 1953 3518 tamen
1977 3447 2072 3516 bona
2094 3461 2129 3518 et

93 3555 154 3622 ins
172 3551 336 3638 impetus,
362 3569 498 3641 nosque
515 3549 558 3616 ad
576 3551 694 3618 fotura
712 3569 968 3638 praeparemus.
1000 3539 1085 3614 La·
1133 3556 1225 3614 recta
1242 3543 1385 3633 ingenia
1408 3559 1532 3618 servet.
1582 3545 1781 3619 Scriberem
1797 3545 1917 3640 plura}
1943 3549 2002 3618 sed
2029 3551 2129 3618 etde

92 3648 235 3724 serensi
245 3650 344 3720 mitto
361 3646 559 3739 exemplum
574 3645 756 3741 Epistulae
772 3651 816 3717 dc
838 3649 969 3732 serina,
999 3647 1087 3717 scri-
1133 3645 1199 3713 lilii
1214 3645 1407 3716 virtutibus
1424 3661 1460 3718 et
1483 3648 1527 3716 de
1546 3650 1727 3740 republica
1748 3664 1819 3720 tam
1842 3650 1955 3720 multa
1977 3645 2067 3719 mihi
2089 3649 2129 3718 in

90 3771 174 3849 ptae
194 3755 238 3824 ad
254 3744 506 3821 Anholls'rmm
516 3743 565 3844 ¹).
616 3749 784 3820 Venirem
806 3750 851 3820 ad
874 3749 1085 3841 disputatio·
1133 3759 1289 3829 mentem
1306 3747 1467 3830 veniunt,
1492 3761 1534 3820 nt
1548 3747 1690 3841 longam
1711 3751 1820 3822 lliada
1837 3751 1904 3820 sim
1920 3751 2128 3842 scripturus,

91 3881 175 3938 nes,
209 3854 280 3924 nisi
303 3853 463 3947 quotidie
485 3865 700 3941 expectarem
720 3853 764 3921 de
780 3851 906 3920 itinere
925 3849 1085 3942 Spirensi
1134 3847 1165 3916 si
1187 3847 1307 3917 omnia
1328 3849 1493 3944 persequi
1511 3849 1651 3926 vellem.
1710 3852 1788 3939 Tu,
1821 3866 1994 3947 qnantum
2019 3865 2129 3944 potes,

90 3961 240 4034 litteras.
290 3951 390 4026 Bene
405 3953 502 4040 vale,
527 3953 585 4023 die
602 3949 714 4022 Divae
728 3948 937 4026 Elisabetae.
1133 3971 1292 4040 repugna
1315 3951 1454 4036 dolori,
1481 3964 1515 4021 et
1538 3955 1672 4042 cogita,
1705 3969 1877 4049 quantum
1899 3950 1966 4023 Dei
1990 3955 2123 4023 donum

653 4047 844 4143 Philippus
861 4045 1037 4126 Melanth.
1133 4051 1197 4136 sit,
1223 4051 1287 4144 qni
1301 4051 1436 4139 lilium,
1459 4054 1650 4123 formatum
1666 4055 1874 4128 mactatione
1889 4069 1960 4136 tna,
1986 4056 2030 4124 ad
2046 4077 2126 4124 coe-

1133 4151 1220 4221 leste
1235 4175 1383 4242 regnum
1399 4156 1672 4246 praeparaveris.
1697 4155 1769 4226 Nec
1784 4181 1867 4228 vero
1884 4155 2021 4239 dubito,
2037 4153 2124 4250 quin

1134 4253 1206 4323 iam
1221 4253 1267 4323 sit
1282 4255 1320 4322 in
1336 4257 1521 4348 complexu
1536 4255 1668 4327 matris.
1694 4255 1896 4328 Teneamus
1908 4256 2001 4327 enim
2018 4253 2126 4326 Chri-

99 4365 170 4440 No.
185 4355 302 4435 2805.
927 4371 985 4432 22.
1005 4361 1084 4426 Nos.
1133 4355 1179 4424 sti
1193 4378 1338 4441 vocem,
1363 4355 1425 4449 qui
1447 4356 1517 4426 ait:
1543 4349 1653 4427 hodic
1666 4381 1803 4429 mecum
1819 4356 1890 4430 sris
1907 4355 1947 4426 in
1963 4351 2123 4455 paradi·

91 4461 310 4500 *Ν
887 4453 1080 4542 ,⁸⁹⁶³
1132 4479 1185 4528 so.
1237 4453 1366 4541 Deum,
1389 4470 1570 4528 aeternum
1587 4475 1721 4550 patrem
1741 4461 1878 4532 domini
1901 4459 2015 4530 nostri
2039 4455 2122 4533 LC.

358 4574 365 4586 ·
422 4524 504 4658 ‘Ns
525 4523 732 4611 Melum·
1132 4581 1216 4642 oro,
1238 4570 1281 4627 nt
1293 4559 1338 4626 de
1353 4571 1387 4628 et
1402 4559 1583 4632 ecclesiam
1602 4574 1697 4632 tuam
1712 4576 1836 4636 servet.

158 4705 292 4768 Beodice
304 4703 403 4762 bavari
415 4701 481 4760 Vol.
492 4703 526 4761 ll.
540 4723 568 4778 p.
583 4703 644 4760 141.
661 4703 860 4762 editastns.
872 4721 915 4776 ep.
926 4701 971 4758 26.
1004 4699 1086 4757 Nunc
1171 4756 1181 4774 ‚
1233 4653 1362 4777 Vim?
1377 4663 1549 4749 gral'ital'e
1567 4675 1602 4732 ‘l
1623 4665 1750 4754 Pietate
1774 4679 1809 4736 ‘l
1830 4663 2030 4734 ‘rudium
2046 4659 2121 4782 ²¹³¹:

191 4797 225 4834 a
240 4777 336 4833 roten
351 4773 416 4830 cod.
428 4784 557 4830 amman
568 4773 712 4860 compo.
1131 4779 1204 4827 rnra
1227 4761 1427 4850 praeditum
1449 4760 1554 4832 Dum.
1570 4754 1781 4862 Carporum
1804 4758 2030 4850 Losrserum,
2054 4777 2119 4836 etsi

353 4925 399 5004 Ν
406 4926 563 5003 '‘⁶⁰1⁰‘’
584 4925 645 5002 M
648 4955 665 5002 θ
673 4906 728 5003 d,
733 4952 779 5002 Τ
785 4953 808 5002 ⁰
1129 4871 1201 5044 catast,e
1211 4862 2121 5058 ἱῖεἰιιιιιηιῗ31ιείἑεῖ33ξηείἱῖυέιῗιῒόζξιῗὶιῗεέῃείιιὲῗοιυοίἶ

84 5051 129 5144 S.
147 5069 196 5145 D.
227 5065 443 5160 Lacrymans
459 5063 526 5154 legi
543 5076 640 5136 tuam
657 5063 842 5155 epistolam
856 5064 901 5133 de
911 5055 1081 5130 Samuele
1128 5074 1181 5128 tas
1203 5063 1339 5152 optime
1360 5067 1546 5156 profutura
1570 5081 1639 5149 est,
1665 5063 1742 5139 Deo
1768 5068 1921 5140 iuvante.
1969 5068 2025 5144 De
2044 5061 2119 5140 Do-

83 5175 161 5246 blio
176 5185 299 5242 nostro
314 5166 499 5258 scriptam,
516 5189 664 5260 eamque
680 5189 759 5236 cnm
777 5165 814 5234 in
830 5164 981 5255 templo,
994 5185 1077 5230 nam
1127 5175 1222 5232 ctore
1237 5157 1589 5238 IoachimoManro
1606 5163 1644 5265 ⁹)
1661 5171 1846 5263 colloquar
1859 5173 2025 5266 equidem
2038 5191 2117 5241 cum

82 5275 138 5346 ibi
152 5269 282 5364 accepi,
296 5269 442 5339 caeteris
454 5269 697 5356 ostendissem,
712 5291 819 5339 nemo
833 5265 913 5350 fnit,
929 5263 1077 5360 quinon

79 5429 303 5452 --·“·····
1157 5419 1188 5492 ’)
1212 5423 1365 5508 scripserat
1385 5421 1529 5481 bledlcrns
1550 5425 1578 5480 lo
1600 5425 1714 5512 epistola
1734 5429 1767 5512 d..
1782 5429 1808 5487 d.
1831 5429 1873 5487 ld.
1893 5429 2032 5514 decemb.
2053 5431 2118 5486 154!

114 5496 146 5578 ὅ)
164 5499 232 5560 vta.
243 5515 286 5574 ep.
299 5495 327 5556 d.
340 5495 384 5554 fl.
395 5491 473 5571 Sept.
488 5489 553 5553 lte.
1193 5491 1381 5568 Meteonem,
1405 5513 1435 5550 ss
1455 5505 1550 5568 optare
1563 5503 1595 5552 st
1606 5513 1635 5552 sn
1651 5495 1768 5553 bocum
1781 5501 1876 5556 locon
1891 5497 1943 5556 sabi
1954 5499 2118 5572 adsumatur
