<?xml version="1.0" encoding="UTF-8"?>
<!DOCTYPE html PUBLIC "-//W3C//DTD XHTML 1.0 Transitional//EN"
    "http://www.w3.org/TR/xhtml1/DTD/xhtml1-transitional.dtd">
<html xmlns="http://www.w3.org/1999/xhtml" xml:lang="en" lang="en">
 <head>
  <title>
</title>
<meta http-equiv="Content-Type" content="text/html;charset=utf-8" />
  <meta name='ocr-system' content='tesseract 3.04.00' />
  <meta name='ocr-capabilities' content='ocr_page ocr_carea ocr_par ocr_line ocrx_word'/>
</head>
<body>
  <div class='ocr_page' id='page_1' title='image "./copusreformator00bretgoog_0279.png"; bbox 0 0 4796 6258; ppageno 0'>
   <div class='ocr_carea' id='block_1_1' title="bbox 51 331 2102 426">
    <p class='ocr_par' dir='ltr' id='par_1_1' title="bbox 51 331 2102 426">
     <span class='ocr_line' id='line_1_1' title="bbox 51 331 2102 426; baseline 0 -17"><span class='ocrx_word' id='word_1_1' title='bbox 51 337 128 410; x_wconf 86' lang='grc'>481</span> <span class='ocrx_word' id='word_1_2' title='bbox 589 335 591 340; x_wconf 76' lang='grc'><strong>’</strong></span> <span class='ocrx_word' id='word_1_3' title='bbox 638 331 1077 412; x_wconf 79' lang='lat' dir='ltr'>EPISTOLARUM</span> <span class='ocrx_word' id='word_1_4' title='bbox 1129 333 1328 414; x_wconf 83' lang='lat' dir='ltr'>L·lB.lX.</span> <span class='ocrx_word' id='word_1_5' title='bbox 1380 331 1515 415; x_wconf 85' lang='grc'><strong>1644.</strong></span> <span class='ocrx_word' id='word_1_6' title='bbox 2024 347 2102 426; x_wconf 72' lang='lat'>482</span> 
     </span>
    </p>
   </div>
   <div class='ocr_carea' id='block_1_2' title="bbox 49 497 2102 818">
    <p class='ocr_par' dir='ltr' id='par_1_2' title="bbox 49 497 2102 818">
     <span class='ocr_line' id='line_1_2' title="bbox 49 497 2102 617; baseline 0.005 -36"><span class='ocrx_word' id='word_1_7' title='bbox 49 509 118 582; x_wconf 88' lang='lat' dir='ltr'>No.</span> <span class='ocrx_word' id='word_1_8' title='bbox 139 507 253 584; x_wconf 79' lang='grc'><strong>8080.</strong></span> <span class='ocrx_word' id='word_1_9' title='bbox 893 520 951 582; x_wconf 88' lang='grc'>16.</span> <span class='ocrx_word' id='word_1_10' title='bbox 965 509 1054 596; x_wconf 82' lang='lat' dir='ltr'>Sept.</span> <span class='ocrx_word' id='word_1_11' title='bbox 1106 505 1186 586; x_wconf 75' lang='lat' dir='ltr'>wie</span> <span class='ocrx_word' id='word_1_12' title='bbox 1206 500 1337 578; x_wconf 80' lang='grc' dir='ltr'>παισὶν</span> <span class='ocrx_word' id='word_1_13' title='bbox 1358 501 1433 580; x_wconf 79' lang='lat' dir='ltr'>elne</span> <span class='ocrx_word' id='word_1_14' title='bbox 1457 503 1643 605; x_wconf 77' lang='grc' dir='ltr'><strong><em>χρήσιμα,</em></strong></span> <span class='ocrx_word' id='word_1_15' title='bbox 1678 497 1823 616; x_wconf 68' lang='lat' dir='ltr'>peyda</span> <span class='ocrx_word' id='word_1_16' title='bbox 1846 511 1957 614; x_wconf 76' lang='grc' dir='ltr'><em>χάρις</em></span> <span class='ocrx_word' id='word_1_17' title='bbox 1983 515 2102 617; x_wconf 78' lang='grc' dir='ltr'><strong><em>αὐτῷ.</em></strong></span> 
     </span>
     <span class='ocr_line' id='line_1_3' title="bbox 53 605 2102 710; baseline 0.012 -41"><span class='ocrx_word' id='word_1_18' title='bbox 53 605 239 634; x_wconf 59' lang='lat'>*⁶⁴⁶*</span> <span class='ocrx_word' id='word_1_19' title='bbox 261 611 287 637; x_wconf 66' lang='lat'>³</span> <span class='ocrx_word' id='word_1_20' title='bbox 459 615 462 624; x_wconf 79' lang='grc'><em>’</em></span> <span class='ocrx_word' id='word_1_21' title='bbox 903 605 1036 636; x_wconf 63' lang='lat'>‘&#39;⁹‘&#39;</span> <span class='ocrx_word' id='word_1_22' title='bbox 1107 607 1146 678; x_wconf 91' lang='lat' dir='ltr'>Si</span> <span class='ocrx_word' id='word_1_23' title='bbox 1160 631 1285 678; x_wconf 87' lang='lat' dir='ltr'>verum</span> <span class='ocrx_word' id='word_1_24' title='bbox 1307 611 1413 678; x_wconf 89' lang='lat' dir='ltr'>decus</span> <span class='ocrx_word' id='word_1_25' title='bbox 1436 625 1507 695; x_wconf 89' lang='lat' dir='ltr'>est,</span> <span class='ocrx_word' id='word_1_26' title='bbox 1533 611 1710 688; x_wconf 86' lang='lat' dir='ltr'>Ecclesiae</span> <span class='ocrx_word' id='word_1_27' title='bbox 1734 622 1924 710; x_wconf 77' lang='lat' dir='ltr'>seminaria</span> <span class='ocrx_word' id='word_1_28' title='bbox 1941 625 2102 710; x_wconf 86' lang='lat' dir='ltr'>educere,</span> 
     </span>
     <span class='ocr_line' id='line_1_4' title="bbox 393 703 2101 818; baseline 0.004 -29"><span class='ocrx_word' id='word_1_29' title='bbox 393 703 446 792; x_wconf 83' lang='lat' dir='ltr'>G.</span> <span class='ocrx_word' id='word_1_30' title='bbox 485 704 730 818; x_wconf 75' lang='lat' dir='ltr'>Spalatt&#39;nO.</span> <span class='ocrx_word' id='word_1_31' title='bbox 1107 722 1141 777; x_wconf 89' lang='lat' dir='ltr'>et</span> <span class='ocrx_word' id='word_1_32' title='bbox 1166 709 1260 778; x_wconf 88' lang='lat' dir='ltr'>cives</span> <span class='ocrx_word' id='word_1_33' title='bbox 1279 711 1322 778; x_wconf 88' lang='lat' dir='ltr'>ad</span> <span class='ocrx_word' id='word_1_34' title='bbox 1347 711 1515 781; x_wconf 86' lang='lat' dir='ltr'>virtutem</span> <span class='ocrx_word' id='word_1_35' title='bbox 1547 715 1716 800; x_wconf 81' lang='lat' dir='ltr'>invitare,</span> <span class='ocrx_word' id='word_1_36' title='bbox 1750 722 1946 810; x_wconf 89' lang='lat' dir='ltr'>plurimum</span> <span class='ocrx_word' id='word_1_37' title='bbox 1978 727 2101 796; x_wconf 87' lang='lat' dir='ltr'>deberi</span> 
     </span>
    </p>
   </div>
   <div class='ocr_carea' id='block_1_3' title="bbox 336 806 2100 1022">
    <p class='ocr_par' dir='ltr' id='par_1_3' title="bbox 336 806 2100 1022">
     <span class='ocr_line' id='line_1_5' title="bbox 336 806 2099 936; baseline 0.003 -46"><span class='ocrx_word' id='word_1_38' title='bbox 336 863 363 917; x_wconf 68' lang='lat'>3„</span> <span class='ocrx_word' id='word_1_39' title='bbox 383 863 446 920; x_wconf 75' lang='lat' dir='ltr'>eod.</span> <span class='ocrx_word' id='word_1_40' title='bbox 468 863 551 922; x_wconf 47' lang='lat' dir='ltr'><strong>Gom·</strong></span> <span class='ocrx_word' id='word_1_41' title='bbox 573 865 635 920; x_wconf 44' lang='lat'>402·</span> <span class='ocrx_word' id='word_1_42' title='bbox 657 883 685 936; x_wconf 81' lang='lat' dir='ltr'>p.</span> <span class='ocrx_word' id='word_1_43' title='bbox 705 864 765 917; x_wconf 78' lang='lat'>276.</span> <span class='ocrx_word' id='word_1_44' title='bbox 791 870 818 916; x_wconf 77' lang='lat' dir='ltr'>et</span> <span class='ocrx_word' id='word_1_45' title='bbox 836 836 898 916; x_wconf 28' lang='grc' dir='ltr'>οόδ’</span> <span class='ocrx_word' id='word_1_46' title='bbox 918 857 1013 916; x_wconf 80' lang='lat' dir='ltr'>Mehn.</span> <span class='ocrx_word' id='word_1_47' title='bbox 1032 857 1055 912; x_wconf 48' lang='lat'>1·</span> <span class='ocrx_word' id='word_1_48' title='bbox 1108 806 1163 928; x_wconf 74' lang='lat' dir='ltr'>his</span> <span class='ocrx_word' id='word_1_49' title='bbox 1179 811 1408 880; x_wconf 87' lang='lat' dir='ltr'>iudicandum</span> <span class='ocrx_word' id='word_1_50' title='bbox 1427 827 1489 896; x_wconf 88' lang='lat' dir='ltr'>cst,</span> <span class='ocrx_word' id='word_1_51' title='bbox 1515 818 1576 908; x_wconf 91' lang='lat' dir='ltr'>qui</span> <span class='ocrx_word' id='word_1_52' title='bbox 1596 831 1751 890; x_wconf 84' lang='lat' dir='ltr'>teneram</span> <span class='ocrx_word' id='word_1_53' title='bbox 1768 831 1915 894; x_wconf 85' lang='lat' dir='ltr'>aetatem</span> <span class='ocrx_word' id='word_1_54' title='bbox 1930 825 2099 904; x_wconf 83' lang='lat' dir='ltr'>formant.</span> 
     </span>
     <span class='ocr_line' id='line_1_6' title="bbox 1106 909 2100 1022; baseline 0.014 -42"><span class='ocrx_word' id='word_1_55' title='bbox 1106 909 1215 980; x_wconf 88' lang='lat' dir='ltr'>Muto</span> <span class='ocrx_word' id='word_1_56' title='bbox 1239 925 1356 981; x_wconf 80' lang='lat' dir='ltr'>autern</span> <span class='ocrx_word' id='word_1_57' title='bbox 1380 915 1446 984; x_wconf 89' lang='lat' dir='ltr'>tihi</span> <span class='ocrx_word' id='word_1_58' title='bbox 1470 917 1625 986; x_wconf 91' lang='lat' dir='ltr'>indicem</span> <span class='ocrx_word' id='word_1_59' title='bbox 1647 921 1785 990; x_wconf 91' lang='lat' dir='ltr'>dierum</span> <span class='ocrx_word' id='word_1_60' title='bbox 1807 925 1962 1018; x_wconf 76' lang='lat' dir='ltr'><strong>aliquot,</strong></span> <span class='ocrx_word' id='word_1_61' title='bbox 1992 951 2100 1022; x_wconf 89' lang='lat' dir='ltr'>quem</span> 
     </span>
    </p>
   </div>
   <div class='ocr_carea' id='block_1_4' title="bbox 60 1013 2099 1312">
    <p class='ocr_par' dir='ltr' id='par_1_4' title="bbox 60 1013 2099 1312">
     <span class='ocr_line' id='line_1_7' title="bbox 1065 1013 2099 1110; baseline 0.022 -31"><span class='ocrx_word' id='word_1_62' title='bbox 1065 1031 1069 1048; x_wconf 83' lang='lat'><strong>·</strong></span> <span class='ocrx_word' id='word_1_63' title='bbox 1106 1013 1226 1102; x_wconf 78' lang='lat' dir='ltr'>augeri</span> <span class='ocrx_word' id='word_1_64' title='bbox 1242 1027 1302 1082; x_wconf 89' lang='lat' dir='ltr'>tua</span> <span class='ocrx_word' id='word_1_65' title='bbox 1324 1015 1506 1104; x_wconf 75' lang='lat' dir='ltr'>diligentia</span> <span class='ocrx_word' id='word_1_66' title='bbox 1527 1019 1621 1090; x_wconf 88' lang='lat' dir='ltr'>volo.</span> <span class='ocrx_word' id='word_1_67' title='bbox 1671 1017 1887 1110; x_wconf 80' lang='lat' dir='ltr'>Excitandac</span> <span class='ocrx_word' id='word_1_68' title='bbox 1904 1027 2099 1102; x_wconf 83' lang='lat' dir='ltr'>iuventutis</span> 
     </span>
     <span class='ocr_line' id='line_1_8' title="bbox 1107 1109 2096 1210; baseline 0.021 -28"><span class='ocrx_word' id='word_1_69' title='bbox 1107 1137 1226 1184; x_wconf 80' lang='lat' dir='ltr'>caussa</span> <span class='ocrx_word' id='word_1_70' title='bbox 1249 1109 1334 1184; x_wconf 88' lang='lat' dir='ltr'>haec</span> <span class='ocrx_word' id='word_1_71' title='bbox 1355 1119 1522 1202; x_wconf 82' lang='lat' dir='ltr'>observo,</span> <span class='ocrx_word' id='word_1_72' title='bbox 1556 1134 1591 1190; x_wconf 92' lang='lat' dir='ltr'>et</span> <span class='ocrx_word' id='word_1_73' title='bbox 1615 1122 1780 1210; x_wconf 79' lang='lat' dir='ltr'>cogitatio</span> <span class='ocrx_word' id='word_1_74' title='bbox 1797 1139 1954 1198; x_wconf 87' lang='lat' dir='ltr'>veterum</span> <span class='ocrx_word' id='word_1_75' title='bbox 1977 1155 2096 1203; x_wconf 88' lang='lat' dir='ltr'>rerum</span> 
     </span>
     <span class='ocr_line' id='line_1_9' title="bbox 60 1206 1670 1312; baseline 0.005 -22"><span class='ocrx_word' id='word_1_76' title='bbox 60 1206 226 1292; x_wconf 81' lang='lat' dir='ltr'>Primum</span> <span class='ocrx_word' id='word_1_77' title='bbox 252 1245 384 1312; x_wconf 88' lang='lat' dir='ltr'>precor.</span> <span class='ocrx_word' id='word_1_78' title='bbox 397 1246 438 1292; x_wconf 85' lang='lat' dir='ltr'>ex</span> <span class='ocrx_word' id='word_1_79' title='bbox 461 1223 580 1291; x_wconf 89' lang='lat' dir='ltr'>animo</span> <span class='ocrx_word' id='word_1_80' title='bbox 603 1223 790 1292; x_wconf 89' lang='lat' dir='ltr'>dominum</span> <span class='ocrx_word' id='word_1_81' title='bbox 811 1233 975 1291; x_wconf 89' lang='lat' dir='ltr'>nostrum</span> <span class='ocrx_word' id='word_1_82' title='bbox 1000 1217 1054 1290; x_wconf 86' lang='lat' dir='ltr'>le·</span> <span class='ocrx_word' id='word_1_83' title='bbox 1105 1239 1162 1284; x_wconf 81' lang='lat' dir='ltr'>me</span> <span class='ocrx_word' id='word_1_84' title='bbox 1178 1218 1221 1284; x_wconf 80' lang='lat' dir='ltr'>de</span> <span class='ocrx_word' id='word_1_85' title='bbox 1239 1217 1360 1285; x_wconf 88' lang='lat' dir='ltr'>multis</span> <span class='ocrx_word' id='word_1_86' title='bbox 1374 1221 1479 1286; x_wconf 75' lang='lat' dir='ltr'>rebus</span> <span class='ocrx_word' id='word_1_87' title='bbox 1492 1223 1670 1298; x_wconf 78' lang='lat' dir='ltr'>admonet.</span> 
     </span>
    </p>
   </div>
   <div class='ocr_carea' id='block_1_5' title="bbox 57 1315 2147 3041">
    <p class='ocr_par' dir='ltr' id='par_1_5' title="bbox 57 1315 2147 2838">
     <span class='ocr_line' id='line_1_10' title="bbox 62 1315 2098 1413; baseline 0.007 -23"><span class='ocrx_word' id='word_1_88' title='bbox 62 1345 139 1394; x_wconf 85' lang='lat' dir='ltr'>sum</span> <span class='ocrx_word' id='word_1_89' title='bbox 159 1319 343 1395; x_wconf 86' lang='lat' dir='ltr'>Christum</span> <span class='ocrx_word' id='word_1_90' title='bbox 369 1325 572 1394; x_wconf 80' lang='lat' dir='ltr'>crucifixum</span> <span class='ocrx_word' id='word_1_91' title='bbox 597 1348 662 1413; x_wconf 93' lang='lat' dir='ltr'>pro</span> <span class='ocrx_word' id='word_1_92' title='bbox 683 1325 787 1392; x_wconf 91' lang='lat' dir='ltr'>nobis</span> <span class='ocrx_word' id='word_1_93' title='bbox 813 1337 848 1394; x_wconf 91' lang='lat' dir='ltr'>et</span> <span class='ocrx_word' id='word_1_94' title='bbox 868 1322 1053 1392; x_wconf 88' lang='lat' dir='ltr'>resuscita·</span> <span class='ocrx_word' id='word_1_95' title='bbox 1207 1315 1261 1388; x_wconf 86' lang='lat' dir='ltr'>De</span> <span class='ocrx_word' id='word_1_96' title='bbox 1286 1343 1363 1388; x_wconf 89' lang='lat' dir='ltr'>meo</span> <span class='ocrx_word' id='word_1_97' title='bbox 1379 1321 1535 1409; x_wconf 88' lang='lat' dir='ltr'>periculo</span> <span class='ocrx_word' id='word_1_98' title='bbox 1553 1325 1641 1393; x_wconf 88' lang='lat' dir='ltr'>scito</span> <span class='ocrx_word' id='word_1_99' title='bbox 1656 1346 1712 1393; x_wconf 91' lang='lat' dir='ltr'>me</span> <span class='ocrx_word' id='word_1_100' title='bbox 1731 1350 1806 1396; x_wconf 89' lang='lat' dir='ltr'>rem</span> <span class='ocrx_word' id='word_1_101' title='bbox 1822 1342 1930 1400; x_wconf 90' lang='lat' dir='ltr'>totam</span> <span class='ocrx_word' id='word_1_102' title='bbox 1944 1329 2022 1404; x_wconf 87' lang='lat' dir='ltr'>Deo</span> <span class='ocrx_word' id='word_1_103' title='bbox 2038 1358 2098 1405; x_wconf 88' lang='lat' dir='ltr'>ae·</span> 
     </span>
     <span class='ocr_line' id='line_1_11' title="bbox 60 1418 2097 1518; baseline 0.005 -22"><span class='ocrx_word' id='word_1_104' title='bbox 60 1439 155 1510; x_wconf 89' lang='lat' dir='ltr'>tum,</span> <span class='ocrx_word' id='word_1_105' title='bbox 181 1439 221 1494; x_wconf 91' lang='lat' dir='ltr'>ut</span> <span class='ocrx_word' id='word_1_106' title='bbox 245 1439 280 1494; x_wconf 92' lang='lat' dir='ltr'>te</span> <span class='ocrx_word' id='word_1_107' title='bbox 304 1427 507 1496; x_wconf 83' lang='lat' dir='ltr'>consoletur</span> <span class='ocrx_word' id='word_1_108' title='bbox 529 1423 656 1518; x_wconf 89' lang='lat' dir='ltr'>spiritu</span> <span class='ocrx_word' id='word_1_109' title='bbox 672 1449 736 1494; x_wconf 91' lang='lat' dir='ltr'>sno</span> <span class='ocrx_word' id='word_1_110' title='bbox 753 1438 894 1508; x_wconf 91' lang='lat' dir='ltr'>sancto,</span> <span class='ocrx_word' id='word_1_111' title='bbox 919 1424 981 1516; x_wconf 90' lang='lat' dir='ltr'>qui</span> <span class='ocrx_word' id='word_1_112' title='bbox 998 1424 1054 1491; x_wconf 87' lang='lat' dir='ltr'>vi·</span> <span class='ocrx_word' id='word_1_113' title='bbox 1105 1432 1207 1487; x_wconf 91' lang='lat' dir='ltr'>terno</span> <span class='ocrx_word' id='word_1_114' title='bbox 1229 1420 1322 1510; x_wconf 91' lang='lat' dir='ltr'>patri</span> <span class='ocrx_word' id='word_1_115' title='bbox 1345 1418 1492 1489; x_wconf 84' lang='lat' dir='ltr'>Domini</span> <span class='ocrx_word' id='word_1_116' title='bbox 1513 1425 1624 1495; x_wconf 87' lang='lat' dir='ltr'>nostri</span> <span class='ocrx_word' id='word_1_117' title='bbox 1651 1425 1729 1498; x_wconf 90' lang='lat' dir='ltr'>lesu</span> <span class='ocrx_word' id='word_1_118' title='bbox 1754 1425 1890 1501; x_wconf 83' lang='lat' dir='ltr'>Christi</span> <span class='ocrx_word' id='word_1_119' title='bbox 1915 1457 2097 1506; x_wconf 88' lang='lat' dir='ltr'>commcn-</span> 
     </span>
     <span class='ocr_line' id='line_1_12' title="bbox 58 1521 2098 1622; baseline 0.005 -26"><span class='ocrx_word' id='word_1_120' title='bbox 58 1539 134 1596; x_wconf 89' lang='lat' dir='ltr'>tam</span> <span class='ocrx_word' id='word_1_121' title='bbox 153 1542 187 1598; x_wconf 91' lang='lat' dir='ltr'>et</span> <span class='ocrx_word' id='word_1_122' title='bbox 208 1527 380 1596; x_wconf 78' lang='lat' dir='ltr'>laetitiam</span> <span class='ocrx_word' id='word_1_123' title='bbox 399 1527 572 1600; x_wconf 91' lang='lat' dir='ltr'>accendit.</span> <span class='ocrx_word' id='word_1_124' title='bbox 624 1524 762 1596; x_wconf 86' lang='lat' dir='ltr'>Deinde</span> <span class='ocrx_word' id='word_1_125' title='bbox 777 1539 809 1596; x_wconf 88' lang='lat' dir='ltr'>te</span> <span class='ocrx_word' id='word_1_126' title='bbox 824 1549 965 1618; x_wconf 91' lang='lat' dir='ltr'>quoque</span> <span class='ocrx_word' id='word_1_127' title='bbox 989 1549 1052 1604; x_wconf 84' lang='lat' dir='ltr'>oro</span> <span class='ocrx_word' id='word_1_128' title='bbox 1105 1521 1207 1604; x_wconf 87' lang='lat' dir='ltr'>dare,</span> <span class='ocrx_word' id='word_1_129' title='bbox 1230 1545 1295 1590; x_wconf 88' lang='lat' dir='ltr'>nec</span> <span class='ocrx_word' id='word_1_130' title='bbox 1316 1525 1437 1591; x_wconf 88' lang='lat' dir='ltr'>cedam</span> <span class='ocrx_word' id='word_1_131' title='bbox 1463 1523 1596 1596; x_wconf 87' lang='lat' dir='ltr'>invitus</span> <span class='ocrx_word' id='word_1_132' title='bbox 1619 1551 1660 1596; x_wconf 88' lang='lat' dir='ltr'>ex</span> <span class='ocrx_word' id='word_1_133' title='bbox 1683 1522 1752 1598; x_wconf 91' lang='lat' dir='ltr'>hoc</span> <span class='ocrx_word' id='word_1_134' title='bbox 1775 1533 1970 1622; x_wconf 88' lang='lat' dir='ltr'>ergastulo,</span> <span class='ocrx_word' id='word_1_135' title='bbox 1995 1538 2025 1606; x_wconf 84' lang='lat' dir='ltr'>si</span> <span class='ocrx_word' id='word_1_136' title='bbox 2048 1538 2098 1611; x_wconf 87' lang='lat' dir='ltr'>ita</span> 
     </span>
     <span class='ocr_line' id='line_1_13' title="bbox 58 1621 2096 1728; baseline 0.005 -30"><span class='ocrx_word' id='word_1_137' title='bbox 58 1640 97 1698; x_wconf 87' lang='lat' dir='ltr'>ct</span> <span class='ocrx_word' id='word_1_138' title='bbox 119 1629 294 1712; x_wconf 90' lang='lat' dir='ltr'>obtestor,</span> <span class='ocrx_word' id='word_1_139' title='bbox 324 1647 364 1698; x_wconf 90' lang='lat' dir='ltr'>ut</span> <span class='ocrx_word' id='word_1_140' title='bbox 389 1631 434 1698; x_wconf 88' lang='lat' dir='ltr'>de</span> <span class='ocrx_word' id='word_1_141' title='bbox 459 1652 600 1722; x_wconf 90' lang='lat' dir='ltr'>quoque</span> <span class='ocrx_word' id='word_1_142' title='bbox 623 1631 735 1716; x_wconf 85' lang='lat' dir='ltr'>erigas</span> <span class='ocrx_word' id='word_1_143' title='bbox 760 1627 972 1717; x_wconf 87' lang='lat' dir='ltr'>cogitatione</span> <span class='ocrx_word' id='word_1_144' title='bbox 989 1651 1053 1696; x_wconf 90' lang='lat' dir='ltr'>vo·</span> <span class='ocrx_word' id='word_1_145' title='bbox 1105 1639 1160 1690; x_wconf 87' lang='lat' dir='ltr'>res</span> <span class='ocrx_word' id='word_1_146' title='bbox 1176 1621 1275 1692; x_wconf 85' lang='lat' dir='ltr'>leret.</span> <span class='ocrx_word' id='word_1_147' title='bbox 1326 1621 1406 1694; x_wconf 93' lang='lat' dir='ltr'>Hoc</span> <span class='ocrx_word' id='word_1_148' title='bbox 1419 1625 1598 1696; x_wconf 88' lang='lat' dir='ltr'>silentium</span> <span class='ocrx_word' id='word_1_149' title='bbox 1615 1631 1710 1721; x_wconf 91' lang='lat' dir='ltr'>quod</span> <span class='ocrx_word' id='word_1_150' title='bbox 1728 1655 1824 1702; x_wconf 89' lang='lat' dir='ltr'>nunc</span> <span class='ocrx_word' id='word_1_151' title='bbox 1842 1648 1911 1719; x_wconf 90' lang='lat' dir='ltr'>est,</span> <span class='ocrx_word' id='word_1_152' title='bbox 1935 1638 2096 1728; x_wconf 88' lang='lat' dir='ltr'>intelligo</span> 
     </span>
     <span class='ocr_line' id='line_1_14' title="bbox 57 1726 2098 1819; baseline 0.005 -21"><span class='ocrx_word' id='word_1_153' title='bbox 57 1731 209 1800; x_wconf 89' lang='lat' dir='ltr'>luntatis</span> <span class='ocrx_word' id='word_1_154' title='bbox 230 1726 375 1800; x_wconf 87' lang='lat' dir='ltr'>Christi.</span> <span class='ocrx_word' id='word_1_155' title='bbox 426 1729 507 1806; x_wconf 87' lang='lat' dir='ltr'>Non</span> <span class='ocrx_word' id='word_1_156' title='bbox 529 1732 606 1799; x_wconf 88' lang='lat' dir='ltr'>vult</span> <span class='ocrx_word' id='word_1_157' title='bbox 623 1727 806 1814; x_wconf 87' lang='lat' dir='ltr'>Christus,</span> <span class='ocrx_word' id='word_1_158' title='bbox 832 1742 872 1798; x_wconf 93' lang='lat' dir='ltr'>ut</span> <span class='ocrx_word' id='word_1_159' title='bbox 897 1729 965 1819; x_wconf 88' lang='lat' dir='ltr'>ipsi</span> <span class='ocrx_word' id='word_1_160' title='bbox 989 1750 1053 1797; x_wconf 91' lang='lat' dir='ltr'>nos</span> <span class='ocrx_word' id='word_1_161' title='bbox 1105 1747 1176 1815; x_wconf 85' lang='lat' dir='ltr'>quo</span> <span class='ocrx_word' id='word_1_162' title='bbox 1201 1738 1356 1813; x_wconf 75' lang='lat' dir='ltr'>spectet:¹</span> <span class='ocrx_word' id='word_1_163' title='bbox 1382 1727 1470 1795; x_wconf 87' lang='lat' dir='ltr'>illud</span> <span class='ocrx_word' id='word_1_164' title='bbox 1496 1729 1599 1798; x_wconf 88' lang='lat' dir='ltr'>etiam</span> <span class='ocrx_word' id='word_1_165' title='bbox 1623 1730 1792 1803; x_wconf 86' lang='lat' dir='ltr'>scribenti</span> <span class='ocrx_word' id='word_1_166' title='bbox 1814 1737 1974 1807; x_wconf 88' lang='lat' dir='ltr'>venitin</span> <span class='ocrx_word' id='word_1_167' title='bbox 1995 1763 2098 1810; x_wconf 86' lang='lat' dir='ltr'>men-</span> 
     </span>
     <span class='ocr_line' id='line_1_15' title="bbox 57 1815 2147 1922; baseline 0.006 -22"><span class='ocrx_word' id='word_1_168' title='bbox 57 1832 396 1922; x_wconf 89' lang='lat' dir='ltr'>indesperationem</span> <span class='ocrx_word' id='word_1_169' title='bbox 419 1845 453 1903; x_wconf 91' lang='lat' dir='ltr'>et</span> <span class='ocrx_word' id='word_1_170' title='bbox 471 1844 621 1901; x_wconf 87' lang='lat' dir='ltr'>mortem</span> <span class='ocrx_word' id='word_1_171' title='bbox 636 1855 851 1921; x_wconf 86' lang='lat' dir='ltr'>mergamus,</span> <span class='ocrx_word' id='word_1_172' title='bbox 877 1833 936 1899; x_wconf 88' lang='lat' dir='ltr'>sed</span> <span class='ocrx_word' id='word_1_173' title='bbox 964 1832 1053 1915; x_wconf 88' lang='lat' dir='ltr'>vult,</span> <span class='ocrx_word' id='word_1_174' title='bbox 1105 1838 1196 1904; x_wconf 82' lang='lat' dir='ltr'>tem,</span> <span class='ocrx_word' id='word_1_175' title='bbox 1217 1815 1295 1894; x_wconf 74' lang='lat' dir='ltr'>heri</span> <span class='ocrx_word' id='word_1_176' title='bbox 1311 1821 1400 1894; x_wconf 80' lang='lat' dir='ltr'>mihi</span> <span class='ocrx_word' id='word_1_177' title='bbox 1415 1842 1597 1899; x_wconf 71' lang='lat' dir='ltr'>narratum</span> <span class='ocrx_word' id='word_1_178' title='bbox 1612 1845 1683 1916; x_wconf 87' lang='lat' dir='ltr'>cst,</span> <span class='ocrx_word' id='word_1_179' title='bbox 1705 1827 2098 1914; x_wconf 81' lang='lat' dir='ltr'>Theohaldum&#39;Belli-</span> <span class='ocrx_word' id='word_1_180' title='bbox 2136 1847 2147 1862; x_wconf 73' lang='lat'><strong><em>⁴</em></strong></span> 
     </span>
     <span class='ocr_line' id='line_1_16' title="bbox 57 1927 2098 2035; baseline 0.005 -31"><span class='ocrx_word' id='word_1_181' title='bbox 57 1927 360 2017; x_wconf 86' lang='lat' dir='ltr'>noshomicidac,</span> <span class='ocrx_word' id='word_1_182' title='bbox 386 1933 542 2016; x_wconf 88' lang='lat' dir='ltr'>diabolo,</span> <span class='ocrx_word' id='word_1_183' title='bbox 566 1933 746 2017; x_wconf 88' lang='lat' dir='ltr'>resistere,</span> <span class='ocrx_word' id='word_1_184' title='bbox 772 1932 969 2024; x_wconf 86' lang='lat' dir='ltr'>impellenti</span> <span class='ocrx_word' id='word_1_185' title='bbox 989 1953 1054 2000; x_wconf 90' lang='lat' dir='ltr'>nos</span> <span class='ocrx_word' id='word_1_186' title='bbox 1106 1947 1237 1993; x_wconf 84' lang='lat' dir='ltr'>cauum</span> <span class='ocrx_word' id='word_1_187' title='bbox 1252 1927 1395 2016; x_wconf 90' lang='lat' dir='ltr'>pulsnm</span> <span class='ocrx_word' id='word_1_188' title='bbox 1419 1952 1492 1997; x_wconf 89' lang='lat' dir='ltr'>esse</span> <span class='ocrx_word' id='word_1_189' title='bbox 1515 1943 1587 2000; x_wconf 88' lang='lat' dir='ltr'>tota</span> <span class='ocrx_word' id='word_1_190' title='bbox 1604 1930 1758 2003; x_wconf 88' lang='lat' dir='ltr'>Palatini</span> <span class='ocrx_word' id='word_1_191' title='bbox 1773 1937 1926 2024; x_wconf 91' lang='lat' dir='ltr'>ditione,</span> <span class='ocrx_word' id='word_1_192' title='bbox 1952 1957 2098 2035; x_wconf 89' lang='lat' dir='ltr'>propter</span> 
     </span>
     <span class='ocr_line' id='line_1_17' title="bbox 59 2028 2115 2138; baseline 0.004 -32"><span class='ocrx_word' id='word_1_193' title='bbox 59 2037 109 2106; x_wconf 80' lang='lat' dir='ltr'>acl</span> <span class='ocrx_word' id='word_1_194' title='bbox 130 2035 370 2105; x_wconf 88' lang='lat' dir='ltr'>dubitationes</span> <span class='ocrx_word' id='word_1_195' title='bbox 395 2037 439 2104; x_wconf 91' lang='lat' dir='ltr'>de</span> <span class='ocrx_word' id='word_1_196' title='bbox 460 2031 527 2104; x_wconf 89' lang='lat' dir='ltr'>Dei</span> <span class='ocrx_word' id='word_1_197' title='bbox 552 2034 805 2108; x_wconf 87' lang='lat' dir='ltr'>misericordia.</span> <span class='ocrx_word' id='word_1_198' title='bbox 856 2031 943 2102; x_wconf 85' lang='lat' dir='ltr'>Esto</span> <span class='ocrx_word' id='word_1_199' title='bbox 968 2033 1054 2104; x_wconf 87' lang='lat' dir='ltr'>lorti</span> <span class='ocrx_word' id='word_1_200' title='bbox 1105 2028 1247 2115; x_wconf 86' lang='lat' dir='ltr'>negocia</span> <span class='ocrx_word' id='word_1_201' title='bbox 1267 2029 1439 2119; x_wconf 86' lang='lat' dir='ltr'>quaedam</span> <span class='ocrx_word' id='word_1_202' title='bbox 1456 2031 1579 2105; x_wconf 89' lang='lat' dir='ltr'>aulica.</span> <span class='ocrx_word' id='word_1_203' title='bbox 1631 2031 1716 2105; x_wconf 81' lang='lat' dir='ltr'>Fuit</span> <span class='ocrx_word' id='word_1_204' title='bbox 1731 2061 1829 2107; x_wconf 89' lang='lat' dir='ltr'>meus</span> <span class='ocrx_word' id='word_1_205' title='bbox 1845 2040 2115 2138; x_wconf 63' lang='lat' dir='ltr'>ovppoteqcrle‘</span> 
     </span>
     <span class='ocr_line' id='line_1_18' title="bbox 57 2129 2096 2234; baseline 0.005 -28"><span class='ocrx_word' id='word_1_206' title='bbox 57 2149 96 2206; x_wconf 86' lang='lat' dir='ltr'>et</span> <span class='ocrx_word' id='word_1_207' title='bbox 116 2136 207 2206; x_wconf 87' lang='lat' dir='ltr'>laeto</span> <span class='ocrx_word' id='word_1_208' title='bbox 232 2135 371 2217; x_wconf 88' lang='lat' dir='ltr'>animo,</span> <span class='ocrx_word' id='word_1_209' title='bbox 404 2137 488 2228; x_wconf 92' lang='lat' dir='ltr'>quia</span> <span class='ocrx_word' id='word_1_210' title='bbox 508 2131 671 2206; x_wconf 87' lang='lat' dir='ltr'>Christus</span> <span class='ocrx_word' id='word_1_211' title='bbox 694 2137 799 2206; x_wconf 89' lang='lat' dir='ltr'>uobis</span> <span class='ocrx_word' id='word_1_212' title='bbox 820 2138 973 2204; x_wconf 83' lang='lat' dir='ltr'>‹lonatus</span> <span class='ocrx_word' id='word_1_213' title='bbox 994 2147 1055 2218; x_wconf 89' lang='lat' dir='ltr'>est,</span> <span class='ocrx_word' id='word_1_214' title='bbox 1106 2141 1140 2196; x_wconf 90' lang='lat' dir='ltr'>et</span> <span class='ocrx_word' id='word_1_215' title='bbox 1161 2129 1305 2216; x_wconf 89' lang='lat' dir='ltr'>ingenio</span> <span class='ocrx_word' id='word_1_216' title='bbox 1331 2143 1366 2199; x_wconf 88' lang='lat' dir='ltr'>et</span> <span class='ocrx_word' id='word_1_217' title='bbox 1392 2131 1593 2224; x_wconf 88' lang='lat' dir='ltr'>eloquentia</span> <span class='ocrx_word' id='word_1_218' title='bbox 1617 2159 1673 2203; x_wconf 90' lang='lat' dir='ltr'>me</span> <span class='ocrx_word' id='word_1_219' title='bbox 1697 2137 1801 2228; x_wconf 88' lang='lat' dir='ltr'>longe</span> <span class='ocrx_word' id='word_1_220' title='bbox 1822 2157 1975 2234; x_wconf 85' lang='lat' dir='ltr'>superat.</span> <span class='ocrx_word' id='word_1_221' title='bbox 2026 2146 2096 2217; x_wconf 91' lang='lat' dir='ltr'>Sed</span> 
     </span>
     <span class='ocr_line' id='line_1_19' title="bbox 57 2229 2096 2330; baseline 0.005 -22"><span class='ocrx_word' id='word_1_222' title='bbox 57 2251 103 2308; x_wconf 89' lang='lat' dir='ltr'>ut</span> <span class='ocrx_word' id='word_1_223' title='bbox 125 2237 241 2328; x_wconf 88' lang='lat' dir='ltr'>angeli</span> <span class='ocrx_word' id='word_1_224' title='bbox 262 2250 410 2308; x_wconf 87' lang='lat' dir='ltr'>canunt:</span> <span class='ocrx_word' id='word_1_225' title='bbox 444 2259 516 2306; x_wconf 85' lang='lat' dir='ltr'>ecce</span> <span class='ocrx_word' id='word_1_226' title='bbox 538 2235 726 2306; x_wconf 84' lang='lat' dir='ltr'>annuncio</span> <span class='ocrx_word' id='word_1_227' title='bbox 747 2233 848 2307; x_wconf 76' lang='lat' dir='ltr'>robis</span> <span class='ocrx_word' id='word_1_228' title='bbox 868 2229 1052 2328; x_wconf 80' lang='lat' dir='ltr'>gaudium</span> <span class='ocrx_word' id='word_1_229' title='bbox 1106 2229 1199 2298; x_wconf 92' lang='lat' dir='ltr'>malo</span> <span class='ocrx_word' id='word_1_230' title='bbox 1223 2230 1365 2299; x_wconf 88' lang='lat' dir='ltr'>exulare</span> <span class='ocrx_word' id='word_1_231' title='bbox 1390 2230 1428 2299; x_wconf 92' lang='lat' dir='ltr'>in</span> <span class='ocrx_word' id='word_1_232' title='bbox 1443 2255 1483 2302; x_wconf 87' lang='lat' dir='ltr'>ea</span> <span class='ocrx_word' id='word_1_233' title='bbox 1498 2257 1639 2316; x_wconf 86' lang='lat' dir='ltr'>caussa,</span> <span class='ocrx_word' id='word_1_234' title='bbox 1663 2261 1752 2330; x_wconf 92' lang='lat' dir='ltr'>quae</span> <span class='ocrx_word' id='word_1_235' title='bbox 1769 2241 1807 2308; x_wconf 89' lang='lat' dir='ltr'>ln</span> <span class='ocrx_word' id='word_1_236' title='bbox 1829 2245 2096 2330; x_wconf 86' lang='lat' dir='ltr'>meconlertur,</span> 
     </span>
     <span class='ocr_line' id='line_1_20' title="bbox 60 2323 2098 2437; baseline 0.005 -32"><span class='ocrx_word' id='word_1_237' title='bbox 60 2363 240 2432; x_wconf 79' lang='lat' dir='ltr'>magnum</span> <span class='ocrx_word' id='word_1_238' title='bbox 249 2367 263 2416; x_wconf 89' lang='lat'><em>;</em></span> <span class='ocrx_word' id='word_1_239' title='bbox 290 2339 458 2428; x_wconf 87' lang='lat' dir='ltr'>gaudium</span> <span class='ocrx_word' id='word_1_240' title='bbox 469 2331 528 2433; x_wconf 76' lang='lat'>“)</span> <span class='ocrx_word' id='word_1_241' title='bbox 546 2339 682 2430; x_wconf 89' lang='lat' dir='ltr'>inquit,</span> <span class='ocrx_word' id='word_1_242' title='bbox 708 2355 741 2409; x_wconf 91' lang='lat' dir='ltr'>et</span> <span class='ocrx_word' id='word_1_243' title='bbox 759 2339 881 2408; x_wconf 88' lang='lat' dir='ltr'>laetari</span> <span class='ocrx_word' id='word_1_244' title='bbox 897 2360 962 2407; x_wconf 92' lang='lat' dir='ltr'>nos</span> <span class='ocrx_word' id='word_1_245' title='bbox 977 2337 1053 2406; x_wconf 85' lang='lat' dir='ltr'>vult</span> <span class='ocrx_word' id='word_1_246' title='bbox 1106 2323 1213 2423; x_wconf 84' lang='lat' dir='ltr'>quam</span> <span class='ocrx_word' id='word_1_247' title='bbox 1227 2345 1372 2424; x_wconf 90' lang='lat' dir='ltr'>propter</span> <span class='ocrx_word' id='word_1_248' title='bbox 1387 2333 1469 2402; x_wconf 87' lang='lat' dir='ltr'>talia</span> <span class='ocrx_word' id='word_1_249' title='bbox 1487 2337 1651 2424; x_wconf 90' lang='lat' dir='ltr'>negocia,</span> <span class='ocrx_word' id='word_1_250' title='bbox 1677 2341 1844 2431; x_wconf 91' lang='lat' dir='ltr'>qualibus</span> <span class='ocrx_word' id='word_1_251' title='bbox 1860 2343 1922 2412; x_wconf 92' lang='lat' dir='ltr'>ille</span> <span class='ocrx_word' id='word_1_252' title='bbox 1942 2345 2098 2437; x_wconf 86' lang='lat' dir='ltr'>implici-</span> 
     </span>
     <span class='ocr_line' id='line_1_21' title="bbox 59 2427 2097 2534; baseline 0.004 -24"><span class='ocrx_word' id='word_1_253' title='bbox 59 2455 95 2510; x_wconf 88' lang='lat' dir='ltr'>et</span> <span class='ocrx_word' id='word_1_254' title='bbox 118 2441 227 2516; x_wconf 86' lang='lat' dir='ltr'>iubet.</span> <span class='ocrx_word' id='word_1_255' title='bbox 278 2439 352 2510; x_wconf 87' lang='lat' dir='ltr'>Nec</span> <span class='ocrx_word' id='word_1_256' title='bbox 372 2452 411 2510; x_wconf 88' lang='lat' dir='ltr'>tu</span> <span class='ocrx_word' id='word_1_257' title='bbox 430 2463 570 2510; x_wconf 78' lang='lat' dir='ltr'>causmn</span> <span class='ocrx_word' id='word_1_258' title='bbox 594 2439 701 2508; x_wconf 91' lang='lat' dir='ltr'>habes</span> <span class='ocrx_word' id='word_1_259' title='bbox 729 2441 890 2512; x_wconf 90' lang='lat' dir='ltr'>tristitiae</span> <span class='ocrx_word' id='word_1_260' title='bbox 914 2440 1054 2510; x_wconf 88' lang='lat' dir='ltr'>iustam.</span> <span class='ocrx_word' id='word_1_261' title='bbox 1106 2447 1161 2502; x_wconf 89' lang='lat' dir='ltr'>tus</span> <span class='ocrx_word' id='word_1_262' title='bbox 1182 2432 1263 2504; x_wconf 83' lang='lat' dir='ltr'>suit.</span> <span class='ocrx_word' id='word_1_263' title='bbox 1313 2427 1581 2504; x_wconf 81' lang='lat' dir='ltr'>Ferdinandus</span> <span class='ocrx_word' id='word_1_264' title='bbox 1605 2463 1664 2507; x_wconf 87' lang='lat' dir='ltr'>rex</span> <span class='ocrx_word' id='word_1_265' title='bbox 1689 2465 1768 2508; x_wconf 87' lang='lat' dir='ltr'>curn</span> <span class='ocrx_word' id='word_1_266' title='bbox 1792 2456 1867 2513; x_wconf 94' lang='lat' dir='ltr'>toto</span> <span class='ocrx_word' id='word_1_267' title='bbox 1880 2433 2023 2534; x_wconf 80' lang='lat' dir='ltr'>‘agmine</span> <span class='ocrx_word' id='word_1_268' title='bbox 2039 2451 2097 2520; x_wconf 87' lang='lat' dir='ltr'>in-</span> 
     </span>
     <span class='ocr_line' id='line_1_22' title="bbox 59 2533 2097 2640; baseline 0.003 -26"><span class='ocrx_word' id='word_1_269' title='bbox 59 2539 245 2614; x_wconf 81' lang='lat' dir='ltr'>Adiuvisti</span> <span class='ocrx_word' id='word_1_270' title='bbox 268 2541 420 2612; x_wconf 86' lang='lat' dir='ltr'>fideliter</span> <span class='ocrx_word' id='word_1_271' title='bbox 444 2543 624 2610; x_wconf 90' lang='lat' dir='ltr'>ecclesiam</span> <span class='ocrx_word' id='word_1_272' title='bbox 647 2539 732 2625; x_wconf 90' lang='lat' dir='ltr'>Dei,</span> <span class='ocrx_word' id='word_1_273' title='bbox 769 2557 802 2613; x_wconf 94' lang='lat' dir='ltr'>et</span> <span class='ocrx_word' id='word_1_274' title='bbox 831 2542 902 2610; x_wconf 89' lang='lat' dir='ltr'>scio</span> <span class='ocrx_word' id='word_1_275' title='bbox 926 2539 1052 2632; x_wconf 89' lang='lat' dir='ltr'>optimi</span> <span class='ocrx_word' id='word_1_276' title='bbox 1104 2534 1268 2622; x_wconf 84' lang='lat' dir='ltr'>grediens</span> <span class='ocrx_word' id='word_1_277' title='bbox 1285 2533 1480 2622; x_wconf 88' lang='lat' dir='ltr'>Viennam,</span> <span class='ocrx_word' id='word_1_278' title='bbox 1512 2535 1649 2626; x_wconf 88' lang='lat' dir='ltr'>ingenti</span> <span class='ocrx_word' id='word_1_279' title='bbox 1680 2543 1841 2613; x_wconf 83' lang='lat' dir='ltr'>examine</span> <span class='ocrx_word' id='word_1_280' title='bbox 1870 2547 2097 2640; x_wconf 89' lang='lat' dir='ltr'>locustarum,</span> 
     </span>
     <span class='ocr_line' id='line_1_23' title="bbox 59 2634 2094 2738; baseline 0.005 -25"><span class='ocrx_word' id='word_1_281' title='bbox 59 2643 234 2738; x_wconf 85' lang='lat' dir='ltr'>principis</span> <span class='ocrx_word' id='word_1_282' title='bbox 252 2643 469 2714; x_wconf 87' lang='lat' dir='ltr'>voluntatem</span> <span class='ocrx_word' id='word_1_283' title='bbox 493 2665 574 2732; x_wconf 90' lang='lat' dir='ltr'>erga</span> <span class='ocrx_word' id='word_1_284' title='bbox 598 2655 631 2712; x_wconf 88' lang='lat' dir='ltr'>te</span> <span class='ocrx_word' id='word_1_285' title='bbox 648 2643 819 2735; x_wconf 87' lang='lat' dir='ltr'>optimam</span> <span class='ocrx_word' id='word_1_286' title='bbox 834 2665 918 2716; x_wconf 87' lang='lat' dir='ltr'>esse.</span> <span class='ocrx_word' id='word_1_287' title='bbox 970 2642 1052 2712; x_wconf 87' lang='lat' dir='ltr'>Scio</span> <span class='ocrx_word' id='word_1_288' title='bbox 1104 2636 1203 2706; x_wconf 76' lang='lat' dir='ltr'>velot</span> <span class='ocrx_word' id='word_1_289' title='bbox 1228 2634 1342 2707; x_wconf 89' lang='lat' dir='ltr'>imbre</span> <span class='ocrx_word' id='word_1_290' title='bbox 1367 2639 1515 2710; x_wconf 87' lang='lat' dir='ltr'>obrutus</span> <span class='ocrx_word' id='word_1_291' title='bbox 1540 2654 1717 2717; x_wconf 87' lang='lat' dir='ltr'>narratur.</span> <span class='ocrx_word' id='word_1_292' title='bbox 1766 2641 1865 2716; x_wconf 84' lang='lat' dir='ltr'>Bene</span> <span class='ocrx_word' id='word_1_293' title='bbox 1886 2647 1977 2724; x_wconf 85' lang='lat' dir='ltr'>vale.</span> <span class='ocrx_word' id='word_1_294' title='bbox 2011 2649 2094 2730; x_wconf 86' lang='lat' dir='ltr'>llll.</span> 
     </span>
     <span class='ocr_line' id='line_1_24' title="bbox 62 2734 1900 2838; baseline -0.003 -24"><span class='ocrx_word' id='word_1_295' title='bbox 62 2767 203 2829; x_wconf 90' lang='lat' dir='ltr'>omnes,</span> <span class='ocrx_word' id='word_1_296' title='bbox 229 2767 383 2838; x_wconf 86' lang='lat' dir='ltr'>quorum</span> <span class='ocrx_word' id='word_1_297' title='bbox 408 2744 597 2814; x_wconf 87' lang='lat' dir='ltr'>auctoritas</span> <span class='ocrx_word' id='word_1_298' title='bbox 615 2747 802 2836; x_wconf 88' lang='lat' dir='ltr'>praecipua</span> <span class='ocrx_word' id='word_1_299' title='bbox 825 2757 896 2830; x_wconf 88' lang='lat' dir='ltr'>est,</span> <span class='ocrx_word' id='word_1_300' title='bbox 918 2743 986 2814; x_wconf 90' lang='lat' dir='ltr'>tibi</span> <span class='ocrx_word' id='word_1_301' title='bbox 1012 2766 1052 2812; x_wconf 82' lang='lat' dir='ltr'>ex</span> <span class='ocrx_word' id='word_1_302' title='bbox 1104 2734 1254 2813; x_wconf 84' lang='lat' dir='ltr'>Calend.</span> <span class='ocrx_word' id='word_1_303' title='bbox 1273 2740 1390 2812; x_wconf 89' lang='lat' dir='ltr'>octob.</span> <span class='ocrx_word' id='word_1_304' title='bbox 1683 2813 1687 2820; x_wconf 69' lang='grc'>,</span> <span class='ocrx_word' id='word_1_305' title='bbox 1897 2823 1900 2830; x_wconf 28' lang='lat'><strong><em>¹</em></strong></span> 
     </span>
    </p>

    <p class='ocr_par' dir='ltr' id='par_1_6' title="bbox 60 2843 2141 3041">
     <span class='ocr_line' id='line_1_25' title="bbox 60 2843 2141 2938; baseline 0.004 -20"><span class='ocrx_word' id='word_1_306' title='bbox 60 2849 183 2918; x_wconf 89' lang='lat' dir='ltr'>animo</span> <span class='ocrx_word' id='word_1_307' title='bbox 199 2849 289 2916; x_wconf 89' lang='lat' dir='ltr'>hene</span> <span class='ocrx_word' id='word_1_308' title='bbox 307 2846 414 2930; x_wconf 86' lang='lat' dir='ltr'>velle,</span> <span class='ocrx_word' id='word_1_309' title='bbox 439 2859 473 2916; x_wconf 90' lang='lat' dir='ltr'>et</span> <span class='ocrx_word' id='word_1_310' title='bbox 489 2870 611 2916; x_wconf 88' lang='lat' dir='ltr'>omnes</span> <span class='ocrx_word' id='word_1_311' title='bbox 625 2861 762 2938; x_wconf 87' lang='lat' dir='ltr'>optare,</span> <span class='ocrx_word' id='word_1_312' title='bbox 787 2870 832 2916; x_wconf 88' lang='lat' dir='ltr'>ne</span> <span class='ocrx_word' id='word_1_313' title='bbox 849 2847 897 2915; x_wconf 91' lang='lat' dir='ltr'>ita</span> <span class='ocrx_word' id='word_1_314' title='bbox 915 2845 1054 2935; x_wconf 85' lang='lat' dir='ltr'>auguris</span> <span class='ocrx_word' id='word_1_315' title='bbox 1762 2843 1857 2923; x_wconf 88' lang='lat' dir='ltr'>Phil.</span> <span class='ocrx_word' id='word_1_316' title='bbox 1872 2847 2047 2926; x_wconf 89' lang='lat' dir='ltr'>Melanth.</span> <span class='ocrx_word' id='word_1_317' title='bbox 2135 2920 2141 2936; x_wconf 65' lang='lat'>,</span> 
     </span>
     <span class='ocr_line' id='line_1_26' title="bbox 62 2946 1053 3041; baseline -0.003 -22"><span class='ocrx_word' id='word_1_318' title='bbox 62 2949 195 3020; x_wconf 84' lang='lat' dir='ltr'>animo.</span> <span class='ocrx_word' id='word_1_319' title='bbox 259 2946 343 3016; x_wconf 91' lang='lat' dir='ltr'>ldeo</span> <span class='ocrx_word' id='word_1_320' title='bbox 371 2947 493 3039; x_wconf 88' lang='lat' dir='ltr'>pellito</span> <span class='ocrx_word' id='word_1_321' title='bbox 514 2948 725 3018; x_wconf 86' lang='lat' dir='ltr'>moestitiam</span> <span class='ocrx_word' id='word_1_322' title='bbox 754 2962 788 3019; x_wconf 91' lang='lat' dir='ltr'>et</span> <span class='ocrx_word' id='word_1_323' title='bbox 810 2948 990 3041; x_wconf 87' lang='lat' dir='ltr'>acquiesce</span> <span class='ocrx_word' id='word_1_324' title='bbox 1015 2969 1053 3016; x_wconf 90' lang='lat' dir='ltr'>ac</span> 
     </span>
    </p>
   </div>
   <div class='ocr_carea' id='block_1_6' title="bbox 61 3043 1815 3224">
    <p class='ocr_par' dir='ltr' id='par_1_7' title="bbox 61 3043 1815 3224">
     <span class='ocr_line' id='line_1_27' title="bbox 61 3043 1815 3222; baseline 0.005 -102"><span class='ocrx_word' id='word_1_325' title='bbox 61 3051 193 3123; x_wconf 87' lang='lat' dir='ltr'>laetare</span> <span class='ocrx_word' id='word_1_326' title='bbox 208 3049 247 3119; x_wconf 88' lang='lat' dir='ltr'>in</span> <span class='ocrx_word' id='word_1_327' title='bbox 262 3044 417 3120; x_wconf 88' lang='lat' dir='ltr'>Christo.</span> <span class='ocrx_word' id='word_1_328' title='bbox 466 3047 565 3118; x_wconf 87' lang='lat' dir='ltr'>Beue</span> <span class='ocrx_word' id='word_1_329' title='bbox 581 3050 668 3122; x_wconf 79' lang='lat' dir='ltr'>vale.</span> <span class='ocrx_word' id='word_1_330' title='bbox 724 3051 782 3126; x_wconf 84' lang='lat'>16.</span> <span class='ocrx_word' id='word_1_331' title='bbox 798 3048 1030 3222; x_wconf 60' lang='lat' dir='ltr'>{qpltequqia</span> <span class='ocrx_word' id='word_1_332' title='bbox 1394 3043 1464 3121; x_wconf 75' lang='lat' dir='ltr'>Ex</span> <span class='ocrx_word' id='word_1_333' title='bbox 1487 3051 1607 3122; x_wconf 83' lang='lat' dir='ltr'>sacris</span> <span class='ocrx_word' id='word_1_334' title='bbox 1633 3045 1815 3134; x_wconf 79' lang='lat' dir='ltr'>historiis.</span> 
     </span>
     <span class='ocr_line' id='line_1_28' title="bbox 857 3175 997 3224; baseline 0.036 -7"><span class='ocrx_word' id='word_1_335' title='bbox 857 3177 893 3224; x_wconf 82' lang='grc' dir='ltr'>ι.</span> <span class='ocrx_word' id='word_1_336' title='bbox 954 3175 997 3224; x_wconf 89' lang='lat' dir='ltr'>e.</span> 
     </span>
    </p>
   </div>
   <div class='ocr_carea' id='block_1_7' title="bbox 126 865 317 1006">
    <p class='ocr_par' dir='ltr' id='par_1_8' title="bbox 126 865 317 1006">
     <span class='ocr_line' id='line_1_29' title="bbox 126 865 317 986; baseline 0 -68"><span class='ocrx_word' id='word_1_337' title='bbox 126 869 146 936; x_wconf 80' lang='lat'><em>†</em></span> <span class='ocrx_word' id='word_1_338' title='bbox 166 865 204 918; x_wconf 85' lang='lat' dir='ltr'>Er</span> <span class='ocrx_word' id='word_1_339' title='bbox 224 881 317 986; x_wconf 76' lang='lat' dir='ltr'>apogr.</span> 
     </span>
     <span class='ocr_line' id='line_1_30' title="bbox 157 932 275 1006; baseline 0 -18"><span class='ocrx_word' id='word_1_340' title='bbox 157 953 202 1006; x_wconf 84' lang='lat' dir='ltr'>ep.</span> <span class='ocrx_word' id='word_1_341' title='bbox 218 938 229 987; x_wconf 92' lang='lat'>1</span> <span class='ocrx_word' id='word_1_342' title='bbox 250 932 275 988; x_wconf 83' lang='grc'>5.</span> 
     </span>
    </p>
   </div>
   <div class='ocr_carea' id='block_1_8' title="bbox 276 1043 901 1186">
    <p class='ocr_par' dir='ltr' id='par_1_9' title="bbox 276 1043 901 1186">
     <span class='ocr_line' id='line_1_31' title="bbox 276 1043 901 1186; baseline -0.002 -26"><span class='ocrx_word' id='word_1_343' title='bbox 276 1083 482 1184; x_wconf 83' lang='lat' dir='ltr'>Georgio</span> <span class='ocrx_word' id='word_1_344' title='bbox 510 1082 842 1186; x_wconf 75' lang='lat' dir='ltr'>Spoletino.*)</span> <span class='ocrx_word' id='word_1_345' title='bbox 897 1043 901 1050; x_wconf 25' lang='lat'>¹</span> 
     </span>
    </p>
   </div>
   <div class='ocr_carea' id='block_1_9' title="bbox 1156 3195 2098 3496">
    <p class='ocr_par' dir='ltr' id='par_1_10' title="bbox 1156 3195 2098 3496">
     <span class='ocr_line' id='line_1_32' title="bbox 1156 3195 2047 3300; baseline 0.022 -32"><span class='ocrx_word' id='word_1_346' title='bbox 1156 3197 1283 3269; x_wconf 88' lang='lat' dir='ltr'>Mense</span> <span class='ocrx_word' id='word_1_347' title='bbox 1298 3195 1429 3266; x_wconf 88' lang='lat' dir='ltr'>Martio</span> <span class='ocrx_word' id='word_1_348' title='bbox 1444 3199 1502 3268; x_wconf 87' lang='lat' dir='ltr'>die</span> <span class='ocrx_word' id='word_1_349' title='bbox 1519 3200 1550 3273; x_wconf 93' lang='lat'>1.</span> <span class='ocrx_word' id='word_1_350' title='bbox 1569 3202 1767 3276; x_wconf 88' lang='lat' dir='ltr'>diminutae</span> <span class='ocrx_word' id='word_1_351' title='bbox 1781 3231 1892 3300; x_wconf 88' lang='lat' dir='ltr'>aquae</span> <span class='ocrx_word' id='word_1_352' title='bbox 1908 3214 2047 3292; x_wconf 86' lang='lat' dir='ltr'>diluvii.</span> 
     </span>
     <span class='ocr_line' id='line_1_33' title="bbox 1158 3299 2098 3396; baseline 0.023 -28"><span class='ocrx_word' id='word_1_353' title='bbox 1158 3299 1284 3369; x_wconf 87' lang='lat' dir='ltr'>Mense</span> <span class='ocrx_word' id='word_1_354' title='bbox 1300 3302 1454 3368; x_wconf 92' lang='lat' dir='ltr'>secundo</span> <span class='ocrx_word' id='word_1_355' title='bbox 1474 3301 1532 3370; x_wconf 90' lang='lat' dir='ltr'>die</span> <span class='ocrx_word' id='word_1_356' title='bbox 1543 3301 1601 3376; x_wconf 87' lang='lat'>17.</span> <span class='ocrx_word' id='word_1_357' title='bbox 1615 3305 1905 3392; x_wconf 87' lang='lat' dir='ltr'>ingressusNoha</span> <span class='ocrx_word' id='word_1_358' title='bbox 1918 3315 1957 3382; x_wconf 89' lang='lat' dir='ltr'>in</span> <span class='ocrx_word' id='word_1_359' title='bbox 1971 3341 2098 3396; x_wconf 90' lang='lat' dir='ltr'>arcam.</span> 
     </span>
     <span class='ocr_line' id='line_1_34' title="bbox 1158 3397 2096 3496; baseline 0.026 -27"><span class='ocrx_word' id='word_1_360' title='bbox 1158 3397 1283 3470; x_wconf 87' lang='lat' dir='ltr'>Mense</span> <span class='ocrx_word' id='word_1_361' title='bbox 1306 3402 1460 3469; x_wconf 88' lang='lat' dir='ltr'>secundo</span> <span class='ocrx_word' id='word_1_362' title='bbox 1486 3402 1619 3476; x_wconf 68' lang='lat' dir='ltr'>dicer.</span> <span class='ocrx_word' id='word_1_363' title='bbox 1638 3428 1796 3493; x_wconf 85' lang='lat' dir='ltr'>egressus</span> <span class='ocrx_word' id='word_1_364' title='bbox 1811 3407 1915 3483; x_wconf 91' lang='lat' dir='ltr'>Noha</span> <span class='ocrx_word' id='word_1_365' title='bbox 1939 3439 1979 3484; x_wconf 88' lang='lat' dir='ltr'>ex</span> <span class='ocrx_word' id='word_1_366' title='bbox 2005 3443 2096 3496; x_wconf 83' lang='lat' dir='ltr'>arca.</span> 
     </span>
    </p>
   </div>
   <div class='ocr_carea' id='block_1_10' title="bbox 63 3481 2098 3674">
    <p class='ocr_par' dir='ltr' id='par_1_11' title="bbox 63 3481 2098 3674">
     <span class='ocr_line' id='line_1_35' title="bbox 63 3481 2098 3610; baseline -0.005 -22"><span class='ocrx_word' id='word_1_367' title='bbox 63 3515 137 3588; x_wconf 83' lang='lat' dir='ltr'>No.</span> <span class='ocrx_word' id='word_1_368' title='bbox 154 3516 267 3592; x_wconf 75' lang='grc'><strong>8031.</strong></span> <span class='ocrx_word' id='word_1_369' title='bbox 802 3515 806 3522; x_wconf 87' lang='grc'><strong>’</strong></span> <span class='ocrx_word' id='word_1_370' title='bbox 903 3532 960 3596; x_wconf 82' lang='lat'>19,</span> <span class='ocrx_word' id='word_1_371' title='bbox 974 3481 1058 3604; x_wconf 75' lang='lat' dir='ltr'>Sept.</span> <span class='ocrx_word' id='word_1_372' title='bbox 1109 3499 1205 3592; x_wconf 89' lang='lat' dir='ltr'>Ergo</span> <span class='ocrx_word' id='word_1_373' title='bbox 1229 3513 1323 3570; x_wconf 89' lang='lat' dir='ltr'>totos</span> <span class='ocrx_word' id='word_1_374' title='bbox 1347 3525 1462 3570; x_wconf 88' lang='lat' dir='ltr'>annus</span> <span class='ocrx_word' id='word_1_375' title='bbox 1484 3503 1523 3570; x_wconf 89' lang='lat' dir='ltr'>in</span> <span class='ocrx_word' id='word_1_376' title='bbox 1540 3528 1619 3573; x_wconf 86' lang='lat' dir='ltr'>arca</span> <span class='ocrx_word' id='word_1_377' title='bbox 1637 3509 1832 3600; x_wconf 89' lang='lat' dir='ltr'>completus</span> <span class='ocrx_word' id='word_1_378' title='bbox 1847 3528 1916 3600; x_wconf 88' lang='lat' dir='ltr'>est,</span> <span class='ocrx_word' id='word_1_379' title='bbox 1942 3519 2025 3610; x_wconf 89' lang='lat' dir='ltr'>quia</span> <span class='ocrx_word' id='word_1_380' title='bbox 2040 3545 2098 3594; x_wconf 88' lang='lat' dir='ltr'>ac.</span> 
     </span>
     <span class='ocr_line' id='line_1_36' title="bbox 70 3599 1420 3674; baseline -0.001 0"><span class='ocrx_word' id='word_1_381' title='bbox 70 3609 248 3642; x_wconf 49' lang='grc' dir='ltr'>*Ν</span> <span class='ocrx_word' id='word_1_382' title='bbox 650 3629 655 3634; x_wconf 95' lang='grc'><strong><em>·</em></strong></span> <span class='ocrx_word' id='word_1_383' title='bbox 881 3612 1053 3640; x_wconf 58' lang='lat'>“⁸&#39;‘</span> <span class='ocrx_word' id='word_1_384' title='bbox 1110 3605 1241 3674; x_wconf 90' lang='lat' dir='ltr'>cedunt</span> <span class='ocrx_word' id='word_1_385' title='bbox 1256 3599 1420 3674; x_wconf 76' lang='grc' dir='ltr'><strong><em>ἔπακται.</em></strong></span> 
     </span>
    </p>
   </div>
   <div class='ocr_carea' id='block_1_11' title="bbox 342 3697 1857 3802">
    <p class='ocr_par' dir='ltr' id='par_1_12' title="bbox 342 3697 1857 3802">
     <span class='ocr_line' id='line_1_37' title="bbox 342 3697 1857 3802; baseline 0.007 -26"><span class='ocrx_word' id='word_1_386' title='bbox 342 3699 492 3785; x_wconf 74' lang='lat' dir='ltr'>Ioach.</span> <span class='ocrx_word' id='word_1_387' title='bbox 527 3697 784 3788; x_wconf 72' lang='lat' dir='ltr'>camerario.</span> <span class='ocrx_word' id='word_1_388' title='bbox 818 3741 824 3754; x_wconf 80' lang='lat'>=</span> <span class='ocrx_word' id='word_1_389' title='bbox 1162 3703 1288 3774; x_wconf 87' lang='lat' dir='ltr'>Mense</span> <span class='ocrx_word' id='word_1_390' title='bbox 1304 3705 1451 3795; x_wconf 91' lang='lat' dir='ltr'>septimo</span> <span class='ocrx_word' id='word_1_391' title='bbox 1467 3705 1525 3776; x_wconf 89' lang='lat' dir='ltr'>die</span> <span class='ocrx_word' id='word_1_392' title='bbox 1540 3705 1601 3782; x_wconf 76' lang='lat'>27.</span> <span class='ocrx_word' id='word_1_393' title='bbox 1616 3709 1751 3802; x_wconf 87' lang='lat' dir='ltr'>quievit</span> <span class='ocrx_word' id='word_1_394' title='bbox 1767 3735 1857 3786; x_wconf 86' lang='lat' dir='ltr'>arca.</span> 
     </span>
    </p>
   </div>
   <div class='ocr_carea' id='block_1_12' title="bbox 103 3805 2100 4016">
    <p class='ocr_par' dir='ltr' id='par_1_13' title="bbox 103 3805 2100 4016">
     <span class='ocr_line' id='line_1_38' title="bbox 132 3805 2100 3928; baseline 0.001 -41"><span class='ocrx_word' id='word_1_395' title='bbox 132 3855 220 3928; x_wconf 74' lang='lat' dir='ltr'>Epor.</span> <span class='ocrx_word' id='word_1_396' title='bbox 233 3855 420 3914; x_wconf 55' lang='lat' dir='ltr'>,mmm</span> <span class='ocrx_word' id='word_1_397' title='bbox 457 3851 827 3926; x_wconf 64' lang='lat' dir='ltr'>‚ttt&#39;..(ea.1.0.2a.1v.</span> <span class='ocrx_word' id='word_1_398' title='bbox 846 3873 889 3928; x_wconf 72' lang='lat' dir='ltr'>ep.</span> <span class='ocrx_word' id='word_1_399' title='bbox 902 3855 985 3928; x_wconf 41' lang='grc' dir='ltr'>Μ).</span> <span class='ocrx_word' id='word_1_400' title='bbox 1161 3805 1287 3924; x_wconf 76' lang='lat' dir='ltr'>Martii</span> <span class='ocrx_word' id='word_1_401' title='bbox 1314 3809 1371 3924; x_wconf 74' lang='grc'>14.</span> <span class='ocrx_word' id='word_1_402' title='bbox 1394 3831 1472 3877; x_wconf 90' lang='lat' dir='ltr'>esus</span> <span class='ocrx_word' id='word_1_403' title='bbox 1494 3809 1596 3898; x_wconf 84' lang='lat' dir='ltr'>agni,</span> <span class='ocrx_word' id='word_1_404' title='bbox 1622 3824 1657 3880; x_wconf 88' lang='lat' dir='ltr'>et</span> <span class='ocrx_word' id='word_1_405' title='bbox 1685 3813 1800 3902; x_wconf 87' lang='lat' dir='ltr'>passio</span> <span class='ocrx_word' id='word_1_406' title='bbox 1823 3811 1975 3890; x_wconf 86' lang='lat' dir='ltr'>Christi:</span> <span class='ocrx_word' id='word_1_407' title='bbox 2028 3825 2100 3896; x_wconf 79' lang='lat' dir='ltr'>Sed</span> 
     </span>
     <span class='ocr_line' id='line_1_39' title="bbox 103 3875 2100 4016; baseline 0.003 -25"><span class='ocrx_word' id='word_1_408' title='bbox 103 3923 109 3930; x_wconf 86' lang='lat'>&#39;</span> <span class='ocrx_word' id='word_1_409' title='bbox 208 3968 213 3978; x_wconf 88' lang='lat'>-</span> <span class='ocrx_word' id='word_1_410' title='bbox 436 3875 455 3932; x_wconf 61' lang='lat' dir='ltr'>P</span> <span class='ocrx_word' id='word_1_411' title='bbox 554 3877 584 3968; x_wconf 64' lang='lat'>³.</span> <span class='ocrx_word' id='word_1_412' title='bbox 1111 3907 1291 3978; x_wconf 71' lang='lat' dir='ltr'>Passionis</span> <span class='ocrx_word' id='word_1_413' title='bbox 1308 3911 1382 3976; x_wconf 84' lang='lat' dir='ltr'>dres</span> <span class='ocrx_word' id='word_1_414' title='bbox 1404 3922 1519 3981; x_wconf 89' lang='lat' dir='ltr'>certus</span> <span class='ocrx_word' id='word_1_415' title='bbox 1537 3925 1590 3981; x_wconf 88' lang='lat' dir='ltr'>est</span> <span class='ocrx_word' id='word_1_416' title='bbox 1604 3926 1747 3984; x_wconf 86' lang='lat' dir='ltr'>octavus</span> <span class='ocrx_word' id='word_1_417' title='bbox 1762 3929 1844 3986; x_wconf 89' lang='lat' dir='ltr'>ante</span> <span class='ocrx_word' id='word_1_418' title='bbox 1860 3915 1934 3993; x_wconf 90' lang='lat' dir='ltr'>Cal.</span> <span class='ocrx_word' id='word_1_419' title='bbox 1950 3919 2100 4016; x_wconf 85' lang='lat' dir='ltr'>Aprilis,</span> 
     </span>
    </p>
   </div>
   <div class='ocr_carea' id='block_1_13' title="bbox 65 4001 2215 4312">
    <p class='ocr_par' dir='ltr' id='par_1_14' title="bbox 65 4001 2215 4312">
     <span class='ocr_line' id='line_1_40' title="bbox 65 4001 1442 4108; baseline 0.001 -26"><span class='ocrx_word' id='word_1_420' title='bbox 65 4001 229 4082; x_wconf 85' lang='lat' dir='ltr'>Clariss.</span> <span class='ocrx_word' id='word_1_421' title='bbox 265 4009 343 4080; x_wconf 80' lang='lat' dir='ltr'>viro</span> <span class='ocrx_word' id='word_1_422' title='bbox 383 4004 585 4080; x_wconf 78' lang='lat' dir='ltr'>eruditione</span> <span class='ocrx_word' id='word_1_423' title='bbox 626 4017 659 4080; x_wconf 83' lang='lat' dir='ltr'>el</span> <span class='ocrx_word' id='word_1_424' title='bbox 693 4008 823 4080; x_wconf 83' lang='lat' dir='ltr'>virtute</span> <span class='ocrx_word' id='word_1_425' title='bbox 851 4010 1064 4108; x_wconf 77' lang='lat' dir='ltr'>praestanti</span> <span class='ocrx_word' id='word_1_426' title='bbox 1111 4011 1148 4081; x_wconf 90' lang='lat' dir='ltr'>id</span> <span class='ocrx_word' id='word_1_427' title='bbox 1165 4023 1216 4079; x_wconf 87' lang='lat' dir='ltr'>est</span> <span class='ocrx_word' id='word_1_428' title='bbox 1229 4009 1291 4083; x_wconf 82' lang='lat'>25.</span> <span class='ocrx_word' id='word_1_429' title='bbox 1308 4007 1442 4083; x_wconf 87' lang='lat' dir='ltr'>Martii.</span> 
     </span>
     <span class='ocr_line' id='line_1_41' title="bbox 69 4105 1615 4185; baseline 0.001 -3"><span class='ocrx_word' id='word_1_430' title='bbox 69 4105 314 4184; x_wconf 77' lang='lat' dir='ltr'>Ioaclrimo</span> <span class='ocrx_word' id='word_1_431' title='bbox 349 4105 621 4183; x_wconf 82' lang='lat' dir='ltr'>Camerario</span> <span class='ocrx_word' id='word_1_432' title='bbox 652 4105 806 4182; x_wconf 82' lang='lat' dir='ltr'>Rectori</span> <span class='ocrx_word' id='word_1_433' title='bbox 841 4107 1061 4185; x_wconf 82' lang='lat' dir='ltr'>Academiae</span> <span class='ocrx_word' id='word_1_434' title='bbox 1160 4109 1388 4183; x_wconf 85' lang='lat' dir='ltr'>Resurrectio</span> <span class='ocrx_word' id='word_1_435' title='bbox 1403 4113 1465 4184; x_wconf 72' lang='lat'>28.</span> <span class='ocrx_word' id='word_1_436' title='bbox 1480 4109 1615 4184; x_wconf 90' lang='lat' dir='ltr'>Martii.</span> 
     </span>
     <span class='ocr_line' id='line_1_42' title="bbox 238 4207 2215 4312; baseline 0.007 -30"><span class='ocrx_word' id='word_1_437' title='bbox 238 4207 431 4312; x_wconf 85' lang='lat' dir='ltr'>Lipsicae,</span> <span class='ocrx_word' id='word_1_438' title='bbox 457 4216 576 4285; x_wconf 84' lang='lat' dir='ltr'>arnico</span> <span class='ocrx_word' id='word_1_439' title='bbox 592 4238 659 4285; x_wconf 89' lang='lat' dir='ltr'>suo</span> <span class='ocrx_word' id='word_1_440' title='bbox 681 4211 891 4300; x_wconf 83' lang='lat' dir='ltr'>carissimo,</span> <span class='ocrx_word' id='word_1_441' title='bbox 1162 4208 1248 4281; x_wconf 88' lang='lat' dir='ltr'>Dies</span> <span class='ocrx_word' id='word_1_442' title='bbox 1263 4211 1323 4284; x_wconf 77' lang='lat'>25.</span> <span class='ocrx_word' id='word_1_443' title='bbox 1342 4211 1467 4281; x_wconf 83' lang='lat' dir='ltr'>Martii</span> <span class='ocrx_word' id='word_1_444' title='bbox 1480 4214 1610 4286; x_wconf 88' lang='lat' dir='ltr'>dicitur</span> <span class='ocrx_word' id='word_1_445' title='bbox 1625 4228 1660 4286; x_wconf 90' lang='lat' dir='ltr'>et</span> <span class='ocrx_word' id='word_1_446' title='bbox 1675 4215 1750 4286; x_wconf 89' lang='lat' dir='ltr'>dies</span> <span class='ocrx_word' id='word_1_447' title='bbox 1767 4215 1965 4293; x_wconf 89' lang='lat' dir='ltr'>Creationis</span> <span class='ocrx_word' id='word_1_448' title='bbox 1979 4221 2088 4304; x_wconf 85' lang='lat' dir='ltr'>Adae.</span> <span class='ocrx_word' id='word_1_449' title='bbox 2207 4245 2215 4272; x_wconf 81' lang='lat'><strong><em>¹</em></strong></span> 
     </span>
    </p>
   </div>
   <div class='ocr_carea' id='block_1_14' title="bbox 67 4301 2102 4424">
    <p class='ocr_par' dir='ltr' id='par_1_15' title="bbox 67 4301 2102 4424">
     <span class='ocr_line' id='line_1_43' title="bbox 67 4301 2102 4424; baseline -0.003 -2"><span class='ocrx_word' id='word_1_450' title='bbox 67 4329 115 4422; x_wconf 81' lang='lat' dir='ltr'>S·</span> <span class='ocrx_word' id='word_1_451' title='bbox 132 4348 176 4424; x_wconf 91' lang='lat' dir='ltr'>D.</span> <span class='ocrx_word' id='word_1_452' title='bbox 227 4348 310 4420; x_wconf 89' lang='lat' dir='ltr'>Non</span> <span class='ocrx_word' id='word_1_453' title='bbox 325 4325 509 4420; x_wconf 89' lang='lat' dir='ltr'>dissimulo</span> <span class='ocrx_word' id='word_1_454' title='bbox 525 4375 581 4420; x_wconf 91' lang='lat' dir='ltr'>me</span> <span class='ocrx_word' id='word_1_455' title='bbox 598 4349 764 4421; x_wconf 86' lang='lat' dir='ltr'>delectori</span> <span class='ocrx_word' id='word_1_456' title='bbox 779 4350 840 4420; x_wconf 87' lang='lat' dir='ltr'>illa</span> <span class='ocrx_word' id='word_1_457' title='bbox 855 4349 1041 4420; x_wconf 88' lang='lat' dir='ltr'>laudation</span> <span class='ocrx_word' id='word_1_458' title='bbox 1163 4311 1231 4384; x_wconf 61' lang='lat' dir='ltr'>Die</span> <span class='ocrx_word' id='word_1_459' title='bbox 1253 4301 1559 4400; x_wconf 64' lang='lat' dir='ltr'>²5·N⁰V⁰¹¹¹bfi⁸‘</span> <span class='ocrx_word' id='word_1_460' title='bbox 1593 4317 1655 4410; x_wconf 72' lang='lat' dir='ltr'>‘lui</span> <span class='ocrx_word' id='word_1_461' title='bbox 1685 4341 1782 4389; x_wconf 77' lang='lat'><strong>¹¹¹¹¹¹⁰</strong></span> <span class='ocrx_word' id='word_1_462' title='bbox 1805 4336 1858 4394; x_wconf 60' lang='lat'>²⁵²</span> <span class='ocrx_word' id='word_1_463' title='bbox 1879 4321 2102 4416; x_wconf 61' lang='lat' dir='ltr'>catharinae,</span> 
     </span>
    </p>
   </div>
   <div class='ocr_carea' id='block_1_15' title="bbox 65 4411 1868 4596">
    <p class='ocr_par' dir='ltr' id='par_1_16' title="bbox 65 4411 1868 4596">
     <span class='ocr_line' id='line_1_44' title="bbox 65 4411 1868 4585; baseline -0.009 -59"><span class='ocrx_word' id='word_1_464' title='bbox 65 4455 148 4526; x_wconf 89' lang='lat' dir='ltr'>cula</span> <span class='ocrx_word' id='word_1_465' title='bbox 164 4446 388 4545; x_wconf 83' lang='lat' dir='ltr'>Epicharmi,</span> <span class='ocrx_word' id='word_1_466' title='bbox 403 4455 447 4522; x_wconf 87' lang='lat' dir='ltr'>de</span> <span class='ocrx_word' id='word_1_467' title='bbox 464 4476 533 4546; x_wconf 92' lang='lat' dir='ltr'>qua</span> <span class='ocrx_word' id='word_1_468' title='bbox 549 4453 690 4538; x_wconf 91' lang='lat' dir='ltr'>scribis,</span> <span class='ocrx_word' id='word_1_469' title='bbox 714 4449 804 4520; x_wconf 87' lang='lat' dir='ltr'>Nam</span> <span class='ocrx_word' id='word_1_470' title='bbox 820 4453 978 4544; x_wconf 89' lang='lat' dir='ltr'>prolecto</span> <span class='ocrx_word' id='word_1_471' title='bbox 995 4452 1062 4522; x_wconf 87' lang='lat' dir='ltr'>ali·</span> <span class='ocrx_word' id='word_1_472' title='bbox 1114 4418 1259 4585; x_wconf 54' lang='lat' dir='ltr'>fueffffm</span> <span class='ocrx_word' id='word_1_473' title='bbox 1273 4411 1451 4484; x_wconf 54' lang='lat' dir='ltr'>Eumenia</span> <span class='ocrx_word' id='word_1_474' title='bbox 1469 4413 1715 4537; x_wconf 55' lang='lat' dir='ltr'>12¹⁰?91lfflss2</span> <span class='ocrx_word' id='word_1_475' title='bbox 1865 4493 1868 4508; x_wconf 91' lang='lat'>.</span> 
     </span>
     <span class='ocr_line' id='line_1_45' title="bbox 1200 4515 1837 4596; baseline 0.019 -13"><span class='ocrx_word' id='word_1_476' title='bbox 1200 4541 1230 4584; x_wconf 82' lang='lat' dir='ltr'>re</span> <span class='ocrx_word' id='word_1_477' title='bbox 1252 4521 1310 4588; x_wconf 82' lang='lat'>13.</span> <span class='ocrx_word' id='word_1_478' title='bbox 1324 4515 1511 4586; x_wconf 84' lang='lat' dir='ltr'>Februaru</span> <span class='ocrx_word' id='word_1_479' title='bbox 1528 4517 1653 4588; x_wconf 71' lang='lat' dir='ltr'>hactus</span> <span class='ocrx_word' id='word_1_480' title='bbox 1669 4517 1837 4596; x_wconf 76' lang='lat' dir='ltr'>Nicanor.</span> 
     </span>
    </p>
   </div>
   <div class='ocr_carea' id='block_1_16' title="bbox 64 4547 1063 4956">
    <p class='ocr_par' dir='ltr' id='par_1_17' title="bbox 64 4547 1063 4956">
     <span class='ocr_line' id='line_1_46' title="bbox 65 4547 1063 4651; baseline -0.005 -24"><span class='ocrx_word' id='word_1_481' title='bbox 65 4567 204 4651; x_wconf 90' lang='lat' dir='ltr'>quanto</span> <span class='ocrx_word' id='word_1_482' title='bbox 218 4555 333 4623; x_wconf 90' lang='lat' dir='ltr'>maius</span> <span class='ocrx_word' id='word_1_483' title='bbox 350 4557 454 4623; x_wconf 89' lang='lat' dir='ltr'>decus</span> <span class='ocrx_word' id='word_1_484' title='bbox 466 4578 538 4623; x_wconf 91' lang='lat' dir='ltr'>esse</span> <span class='ocrx_word' id='word_1_485' title='bbox 553 4555 672 4624; x_wconf 90' lang='lat' dir='ltr'>iudico</span> <span class='ocrx_word' id='word_1_486' title='bbox 686 4549 815 4624; x_wconf 76' lang='grc' dir='ltr'><strong><em>παισὶν</em></strong></span> <span class='ocrx_word' id='word_1_487' title='bbox 824 4547 991 4646; x_wconf 81' lang='grc' dir='ltr'><strong><em>χρήσιμα</em></strong></span> <span class='ocrx_word' id='word_1_488' title='bbox 1007 4549 1063 4623; x_wconf 79' lang='grc' dir='ltr'>λέ-</span> 
     </span>
     <span class='ocr_line' id='line_1_47' title="bbox 64 4653 1062 4758; baseline -0.008 -28"><span class='ocrx_word' id='word_1_489' title='bbox 64 4682 168 4758; x_wconf 76' lang='grc' dir='ltr'><strong><em>γειν,</em></strong></span> <span class='ocrx_word' id='word_1_490' title='bbox 194 4679 300 4749; x_wconf 91' lang='lat' dir='ltr'>quam</span> <span class='ocrx_word' id='word_1_491' title='bbox 317 4653 462 4725; x_wconf 82' lang='lat' dir='ltr'>Troiam</span> <span class='ocrx_word' id='word_1_492' title='bbox 478 4679 615 4747; x_wconf 88' lang='lat' dir='ltr'>capere.</span> <span class='ocrx_word' id='word_1_493' title='bbox 665 4653 800 4728; x_wconf 81' lang='lat' dir='ltr'>Extant</span> <span class='ocrx_word' id='word_1_494' title='bbox 812 4668 930 4726; x_wconf 86' lang='lat' dir='ltr'>autem</span> <span class='ocrx_word' id='word_1_495' title='bbox 952 4656 1062 4726; x_wconf 85' lang='lat' dir='ltr'>versi-</span> 
     </span>
     <span class='ocr_line' id='line_1_48' title="bbox 66 4751 1063 4848; baseline -0.006 -16"><span class='ocrx_word' id='word_1_496' title='bbox 66 4761 141 4832; x_wconf 88' lang='lat' dir='ltr'>culi</span> <span class='ocrx_word' id='word_1_497' title='bbox 164 4759 218 4827; x_wconf 90' lang='lat' dir='ltr'>illi</span> <span class='ocrx_word' id='word_1_498' title='bbox 241 4757 281 4826; x_wconf 88' lang='lat' dir='ltr'>in</span> <span class='ocrx_word' id='word_1_499' title='bbox 297 4752 427 4826; x_wconf 90' lang='lat' dir='ltr'>Codice</span> <span class='ocrx_word' id='word_1_500' title='bbox 445 4751 627 4828; x_wconf 89' lang='lat' dir='ltr'>Theocriti</span> <span class='ocrx_word' id='word_1_501' title='bbox 645 4757 683 4824; x_wconf 92' lang='lat' dir='ltr'>in</span> <span class='ocrx_word' id='word_1_502' title='bbox 705 4757 890 4846; x_wconf 90' lang='lat' dir='ltr'>postremis</span> <span class='ocrx_word' id='word_1_503' title='bbox 906 4757 1063 4848; x_wconf 85' lang='lat' dir='ltr'>pagellis,</span> 
     </span>
     <span class='ocr_line' id='line_1_49' title="bbox 66 4852 1063 4956; baseline -0.002 -24"><span class='ocrx_word' id='word_1_504' title='bbox 66 4859 276 4932; x_wconf 84' lang='lat' dir='ltr'>dulcissima</span> <span class='ocrx_word' id='word_1_505' title='bbox 293 4871 343 4929; x_wconf 87' lang='lat' dir='ltr'>cst</span> <span class='ocrx_word' id='word_1_506' title='bbox 356 4858 573 4952; x_wconf 82' lang='lat' dir='ltr'>simplicitas.</span> <span class='ocrx_word' id='word_1_507' title='bbox 595 4852 713 4932; x_wconf 78' lang='grc' dir='ltr'><strong><em>πολλὰ</em></strong></span> <span class='ocrx_word' id='word_1_508' title='bbox 728 4852 804 4956; x_wconf 73' lang='grc' dir='ltr'>γὰρ</span> <span class='ocrx_word' id='word_1_509' title='bbox 813 4853 957 4930; x_wconf 80' lang='grc' dir='ltr'><em>ποττὰν</em></span> <span class='ocrx_word' id='word_1_510' title='bbox 971 4853 1063 4945; x_wconf 80' lang='grc' dir='ltr'>ζοὰν</span> 
     </span>
    </p>
   </div>
   <div class='ocr_carea' id='block_1_17' title="bbox 1114 4615 2101 4798">
    <p class='ocr_par' dir='ltr' id='par_1_18' title="bbox 1114 4615 2101 4798">
     <span class='ocr_line' id='line_1_50' title="bbox 1162 4615 2101 4728; baseline 0.014 -40"><span class='ocrx_word' id='word_1_511' title='bbox 1162 4615 1230 4688; x_wconf 88' lang='lat' dir='ltr'>Die</span> <span class='ocrx_word' id='word_1_512' title='bbox 1245 4617 1279 4690; x_wconf 85' lang='grc'>8.</span> <span class='ocrx_word' id='word_1_513' title='bbox 1297 4617 1516 4708; x_wconf 87' lang='lat' dir='ltr'>Septembris</span> <span class='ocrx_word' id='word_1_514' title='bbox 1532 4620 1687 4691; x_wconf 89' lang='lat' dir='ltr'>deletum</span> <span class='ocrx_word' id='word_1_515' title='bbox 1705 4625 1875 4716; x_wconf 89' lang='lat' dir='ltr'>templum</span> <span class='ocrx_word' id='word_1_516' title='bbox 1889 4651 1908 4696; x_wconf 87' lang='lat' dir='ltr'>a</span> <span class='ocrx_word' id='word_1_517' title='bbox 1920 4625 2023 4716; x_wconf 81' lang='lat' dir='ltr'>Tito,</span> <span class='ocrx_word' id='word_1_518' title='bbox 2039 4633 2101 4728; x_wconf 91' lang='lat' dir='ltr'>qui</span> 
     </span>
     <span class='ocr_line' id='line_1_51' title="bbox 1114 4717 1743 4798; baseline 0.017 -11"><span class='ocrx_word' id='word_1_519' title='bbox 1114 4717 1189 4788; x_wconf 90' lang='lat' dir='ltr'>dies</span> <span class='ocrx_word' id='word_1_520' title='bbox 1206 4743 1303 4789; x_wconf 89' lang='lat' dir='ltr'>nunc</span> <span class='ocrx_word' id='word_1_521' title='bbox 1317 4735 1367 4789; x_wconf 91' lang='lat' dir='ltr'>est</span> <span class='ocrx_word' id='word_1_522' title='bbox 1380 4717 1517 4792; x_wconf 87' lang='lat' dir='ltr'>Natalis</span> <span class='ocrx_word' id='word_1_523' title='bbox 1534 4719 1578 4798; x_wconf 91' lang='lat' dir='ltr'>B.</span> <span class='ocrx_word' id='word_1_524' title='bbox 1595 4721 1743 4798; x_wconf 88' lang='lat' dir='ltr'>Mariae.</span> 
     </span>
    </p>
   </div>
   <div class='ocr_carea' id='block_1_18' title="bbox 1383 4909 1837 4992">
    <p class='ocr_par' dir='ltr' id='par_1_19' title="bbox 1383 4909 1837 4992">
     <span class='ocr_line' id='line_1_52' title="bbox 1383 4909 1837 4992; baseline 0.009 -6"><span class='ocrx_word' id='word_1_525' title='bbox 1383 4909 1548 4988; x_wconf 79' lang='lat' dir='ltr'>Graecae</span> <span class='ocrx_word' id='word_1_526' title='bbox 1574 4924 1606 4986; x_wconf 86' lang='lat' dir='ltr'>et</span> <span class='ocrx_word' id='word_1_527' title='bbox 1627 4909 1837 4992; x_wconf 78' lang='lat' dir='ltr'>Romanae.</span> 
     </span>
    </p>
   </div>
   <div class='ocr_carea' id='block_1_19' title="bbox 102 5057 2107 5212">
    <p class='ocr_par' dir='ltr' id='par_1_20' title="bbox 102 5057 2107 5212">
     <span class='ocr_line' id='line_1_53' title="bbox 102 5057 2107 5212; baseline -0.031 -1"><span class='ocrx_word' id='word_1_528' title='bbox 102 5136 310 5212; x_wconf 61' lang='lat' dir='ltr'>*lslssffiwt</span> <span class='ocrx_word' id='word_1_529' title='bbox 328 5147 498 5197; x_wconf 69' lang='lat' dir='ltr'>contenent</span> <span class='ocrx_word' id='word_1_530' title='bbox 512 5129 843 5192; x_wconf 77' lang='lat' dir='ltr'>meuirnoniomdteoho</span> <span class='ocrx_word' id='word_1_531' title='bbox 860 5149 924 5186; x_wconf 82' lang='lat' dir='ltr'>eum</span> <span class='ocrx_word' id='word_1_532' title='bbox 945 5151 1063 5189; x_wconf 66' lang='lat' dir='ltr'>novem</span> <span class='ocrx_word' id='word_1_533' title='bbox 1166 5057 1302 5156; x_wconf 56' lang='lat' dir='ltr'>Aprilis</span> <span class='ocrx_word' id='word_1_534' title='bbox 1317 5065 1374 5134; x_wconf 65' lang='lat' dir='ltr'>die</span> <span class='ocrx_word' id='word_1_535' title='bbox 1390 5065 1452 5140; x_wconf 52' lang='grc' dir='ltr'>Μ·</span> <span class='ocrx_word' id='word_1_536' title='bbox 1467 5079 1610 5158; x_wconf 62' lang='lat' dir='ltr'>ca{lium</span> <span class='ocrx_word' id='word_1_537' title='bbox 1631 5063 1761 5151; x_wconf 73' lang='lat' dir='ltr'>flium,</span> <span class='ocrx_word' id='word_1_538' title='bbox 1785 5081 1819 5139; x_wconf 69' lang='lat' dir='ltr'>el</span> <span class='ocrx_word' id='word_1_539' title='bbox 1834 5062 2037 5148; x_wconf 75' lang='lat' dir='ltr'>Alexander</span> <span class='ocrx_word' id='word_1_540' title='bbox 2051 5079 2107 5148; x_wconf 84' lang='lat' dir='ltr'>ri·</span> 
     </span>
    </p>
   </div>
   <div class='ocr_carea' id='block_1_20' title="bbox 141 5165 1447 5278">
    <p class='ocr_par' dir='ltr' id='par_1_21' title="bbox 141 5165 1447 5278">
     <span class='ocr_line' id='line_1_54' title="bbox 141 5165 1447 5278; baseline -0.007 -15"><span class='ocrx_word' id='word_1_541' title='bbox 141 5209 236 5263; x_wconf 76' lang='lat' dir='ltr'>uxoris</span> <span class='ocrx_word' id='word_1_542' title='bbox 250 5225 315 5262; x_wconf 79' lang='lat' dir='ltr'>sure</span> <span class='ocrx_word' id='word_1_543' title='bbox 329 5205 489 5277; x_wconf 76' lang='lat' dir='ltr'>defunctae,</span> <span class='ocrx_word' id='word_1_544' title='bbox 506 5225 559 5278; x_wconf 83' lang='lat' dir='ltr'>qua</span> <span class='ocrx_word' id='word_1_545' title='bbox 579 5222 610 5258; x_wconf 87' lang='lat' dir='ltr'>re</span> <span class='ocrx_word' id='word_1_546' title='bbox 634 5215 725 5274; x_wconf 79' lang='lat' dir='ltr'>postea</span> <span class='ocrx_word' id='word_1_547' title='bbox 738 5199 893 5272; x_wconf 73' lang='lat' dir='ltr'>gravissime</span> <span class='ocrx_word' id='word_1_548' title='bbox 906 5203 1065 5256; x_wconf 79' lang='lat' dir='ltr'>turbabatur</span> <span class='ocrx_word' id='word_1_549' title='bbox 1117 5165 1163 5236; x_wconf 62' lang='lat' dir='ltr'>eli</span> <span class='ocrx_word' id='word_1_550' title='bbox 1177 5167 1221 5234; x_wconf 61' lang='lat' dir='ltr'>ad</span> <span class='ocrx_word' id='word_1_551' title='bbox 1239 5165 1447 5236; x_wconf 58' lang='lat' dir='ltr'>Granicum·</span> 
     </span>
    </p>
   </div>
   <div class='ocr_carea' id='block_1_21' title="bbox 140 5249 2018 5391">
    <p class='ocr_par' dir='ltr' id='par_1_22' title="bbox 140 5249 2018 5391">
     <span class='ocr_line' id='line_1_55' title="bbox 140 5249 2018 5391; baseline 0.01 -63"><span class='ocrx_word' id='word_1_552' title='bbox 140 5277 254 5343; x_wconf 55' lang='lat' dir='ltr'>..aa</span> <span class='ocrx_word' id='word_1_553' title='bbox 271 5277 323 5344; x_wconf 68' lang='lat' dir='ltr'>a,</span> <span class='ocrx_word' id='word_1_554' title='bbox 342 5284 371 5326; x_wconf 67' lang='lat'>..2</span> <span class='ocrx_word' id='word_1_555' title='bbox 384 5291 495 5330; x_wconf 62' lang='lat' dir='ltr'>aa...</span> <span class='ocrx_word' id='word_1_556' title='bbox 508 5291 583 5328; x_wconf 65' lang='lat' dir='ltr'>..a</span> <span class='ocrx_word' id='word_1_557' title='bbox 597 5291 628 5326; x_wconf 57' lang='lat' dir='ltr'>s.</span> <span class='ocrx_word' id='word_1_558' title='bbox 642 5281 718 5324; x_wconf 63' lang='lat' dir='ltr'>a...</span> <span class='ocrx_word' id='word_1_559' title='bbox 734 5267 883 5340; x_wconf 78' lang='lat' dir='ltr'>plurimum</span> <span class='ocrx_word' id='word_1_560' title='bbox 897 5267 993 5324; x_wconf 73' lang='lat' dir='ltr'>oa.</span> <span class='ocrx_word' id='word_1_561' title='bbox 1005 5287 1064 5391; x_wconf 66' lang='lat' dir='ltr'>p-</span> <span class='ocrx_word' id='word_1_562' title='bbox 1166 5265 1257 5337; x_wconf 62' lang='lat' dir='ltr'>ursa</span> <span class='ocrx_word' id='word_1_563' title='bbox 1276 5263 1352 5336; x_wconf 79' lang='lat' dir='ltr'>co.</span> <span class='ocrx_word' id='word_1_564' title='bbox 1373 5249 2018 5366; x_wconf 76' lang='lat' dir='ltr'>12.Nau1&#39;ultomsedieeo.dprtt</span> 
     </span>
    </p>
   </div>
   <div class='ocr_carea' id='block_1_22' title="bbox 122 5337 2111 5486">
    <p class='ocr_par' dir='ltr' id='par_1_23' title="bbox 122 5337 2111 5486">
     <span class='ocr_line' id='line_1_56' title="bbox 122 5337 2111 5486; baseline -0.003 -18"><span class='ocrx_word' id='word_1_565' title='bbox 122 5342 592 5486; x_wconf 50' lang='lat' dir='ltr'>,staartdadrndft</span> <span class='ocrx_word' id='word_1_566' title='bbox 607 5339 737 5477; x_wconf 63' lang='lat' dir='ltr'>dila</span> <span class='ocrx_word' id='word_1_567' title='bbox 750 5337 848 5464; x_wconf 73' lang='lat' dir='ltr'>atu</span> <span class='ocrx_word' id='word_1_568' title='bbox 861 5354 890 5390; x_wconf 63' lang='lat'>³³</span> <span class='ocrx_word' id='word_1_569' title='bbox 1031 5355 1066 5392; x_wconf 76' lang='lat'>¹²·</span> <span class='ocrx_word' id='word_1_570' title='bbox 1169 5363 1278 5440; x_wconf 69' lang='lat' dir='ltr'>n..</span> <span class='ocrx_word' id='word_1_571' title='bbox 1305 5362 1419 5443; x_wconf 71' lang='lat'>1⁴⁵³·</span> <span class='ocrx_word' id='word_1_572' title='bbox 1444 5369 1501 5440; x_wconf 73' lang='lat' dir='ltr'>a.</span> <span class='ocrx_word' id='word_1_573' title='bbox 1530 5367 1600 5462; x_wconf 65' lang='grc' dir='ltr'>ευ..</span> <span class='ocrx_word' id='word_1_574' title='bbox 1614 5365 1707 5440; x_wconf 71' lang='lat' dir='ltr'>aa</span> <span class='ocrx_word' id='word_1_575' title='bbox 1734 5385 1834 5464; x_wconf 65' lang='lat' dir='ltr'>a...</span> <span class='ocrx_word' id='word_1_576' title='bbox 1855 5371 2111 5454; x_wconf 62' lang='lat' dir='ltr'>consens..</span> 
     </span>
    </p>
   </div>
   <div class='ocr_carea' id='block_1_23' title="bbox 66 5469 1303 5670">
    <p class='ocr_par' dir='ltr' id='par_1_24' title="bbox 66 5469 1303 5670">
     <span class='ocr_line' id='line_1_57' title="bbox 105 5469 1224 5568; baseline -0.011 -12"><span class='ocrx_word' id='word_1_577' title='bbox 105 5497 155 5568; x_wconf 64' lang='grc' dir='ltr'>*η</span> <span class='ocrx_word' id='word_1_578' title='bbox 175 5497 246 5556; x_wconf 76' lang='lat' dir='ltr'>coe.</span> <span class='ocrx_word' id='word_1_579' title='bbox 261 5495 345 5552; x_wconf 73' lang='lat' dir='ltr'>sou.</span> <span class='ocrx_word' id='word_1_580' title='bbox 358 5495 438 5550; x_wconf 68' lang='lat' dir='ltr'>ouis</span> <span class='ocrx_word' id='word_1_581' title='bbox 451 5495 587 5563; x_wconf 61' lang='lat' dir='ltr'>,auarum</span> <span class='ocrx_word' id='word_1_582' title='bbox 601 5495 691 5563; x_wconf 65' lang='lat' dir='ltr'>nque</span> <span class='ocrx_word' id='word_1_583' title='bbox 704 5495 868 5548; x_wconf 63' lang='lat' dir='ltr'>mare.</span> <span class='ocrx_word' id='word_1_584' title='bbox 1119 5469 1224 5562; x_wconf 78' lang='lat' dir='ltr'>polio</span> 
     </span>
     <span class='ocr_line' id='line_1_58' title="bbox 66 5569 1303 5670; baseline -0.012 -26"><span class='ocrx_word' id='word_1_585' title='bbox 66 5577 253 5646; x_wconf 75' lang='grc' dir='ltr'>Μιιητι.</span> <span class='ocrx_word' id='word_1_586' title='bbox 269 5575 375 5642; x_wconf 76' lang='lat' dir='ltr'>Oen.</span> <span class='ocrx_word' id='word_1_587' title='bbox 390 5573 473 5640; x_wconf 79' lang='lat' dir='ltr'>Vos..</span> <span class='ocrx_word' id='word_1_588' title='bbox 488 5573 531 5639; x_wconf 84' lang='lat' dir='ltr'>V·</span> <span class='ocrx_word' id='word_1_589' title='bbox 852 5659 856 5670; x_wconf 31' lang='grc' dir='ltr'>Ι</span> <span class='ocrx_word' id='word_1_590' title='bbox 1256 5569 1303 5642; x_wconf 76' lang='grc'>81</span> 
     </span>
    </p>
   </div>
   <div class='ocr_carea' id='block_1_24' title="bbox 0 0 2408 6258">
    <p class='ocr_par' dir='ltr' id='par_1_25' title="bbox 0 0 2408 6258">
     <span class='ocr_line' id='line_1_59' title="bbox 0 0 2408 6258; baseline 0 0"><span class='ocrx_word' id='word_1_591' title='bbox 0 0 2408 6258; x_wconf 95' lang='lat' dir='ltr'> </span> 
     </span>
    </p>
   </div>
  </div>
 </body>
</html>
