4796 6258
320 318 395 394 455

246 535 262 548 ·
322 487 466 580 besietbcu
482 487 611 576 Erotes
624 487 728 578 tutte,
751 484 878 579 obldyou
899 487 945 558 tte
959 484 1058 581 butte
1073 485 1138 558 urb
1153 481 1313 575 dtttluug

324 591 403 686 niebt
419 593 450 686 Ῐο
471 589 542 665 batt
560 589 612 684 tiu
630 589 966 683 tegernscenses
982 585 1028 675 u.

495 745 499 756 ι
953 683 1265 781 CasparCruziger

985 805 993 814 ·
1039 785 1150 908 154l.

357 989 531 1061 (Volumini
539 989 662 1040 secundo
676 985 833 1039 Bibliorum
849 983 985 1048 inscripsit
999 983 1161 1037 Metantbon
1173 982 1281 1052 haece)

406 1111 453 1174 ut
474 1110 589 1188 Ephcs.
602 1108 635 1170 2.
651 1128 681 1171 v.
700 1108 751 1168 19.
765 1104 819 1169 20.
845 1103 908 1189 ἄρα
925 1096 979 1168 οὖν
1000 1103 1118 1185 οὐκέτι,
1145 1103 1216 1168 iord
1238 1101 1315 1176 ξένοι

367 1197 418 1259 καὶ
437 1191 596 1278 πάροικοι,
625 1189 706 1254 ‹tttt
728 1196 912 1268 σαμπολΐται
931 1195 993 1252 τῶν
1012 1186 1125 1271 ἁγιάνν,
1147 1190 1315 1252 salutarior

366 1284 425 1344 τοῦ
438 1283 531 1342 θεοῦ·
554 1273 849 1355 ἐποικοδομηθέντες
869 1273 916 1336 tut
937 1280 982 1359 τῷ
997 1276 1130 1358 θεμελίῳ
1153 1279 1216 1336 τῶν
1238 1269 1319 1334 ἀπα·

368 1360 489 1428 στόλων
509 1362 560 1425 καὶ
581 1365 769 1446 προφητῶν,
793 1357 882 1432 ὄντος
906 1355 1131 1445 ἀκρογωνιαίου
1148 1353 1315 1436 attesta-

368 1452 427 1513 σοῦ
443 1449 598 1532 Χριστοῦ.

426 1568 523 1639 Haec
546 1581 598 1638 est
620 1567 720 1644 firma
745 1579 778 1636 et
793 1566 907 1636 dulcis
927 1565 1120 1634 consolatio
1135 1561 1314 1632 mentibus

325 1666 440 1740 Deum
458 1670 726 1763 quaerentibus,
752 1681 847 1737 certo
868 1668 973 1750 scire,
997 1663 1088 1735 hanc
1104 1689 1175 1736 esse
1189 1661 1313 1732 Ecclc-

327 1773 413 1842 siam
436 1769 512 1840 Deo
535 1773 730 1862 placentem
756 1782 790 1837 et
818 1766 1003 1840 haeredem
1028 1769 1117 1836 vitae
1141 1779 1314 1848 aeternae,

230 1915 235 1924 ·
325 1895 416 1968 quae
437 1873 662 1970 amplectitur
683 1893 803 1939 vocem
820 1864 1077 1960 Prophetarum
1103 1881 1137 1936 et
1161 1865 1313 1958 Aposto-

325 1973 459 2046 lorum:
487 1995 553 2044 nec
571 1995 644 2042 esse
658 1968 852 2041 Ecclesiam
866 1967 934 2038 Dei
957 1971 1073 2040 ullum
1087 1983 1225 2039 coetum
1240 1968 1314 2038 dis-

325 2075 535 2146 sentientem
557 2097 576 2146 a
599 2097 685 2144 voce
706 2067 984 2163 Prophetarum,
1003 2067 1138 2142 Christi
1163 2082 1197 2139 et
1215 2067 1313 2161 Apo-

325 2176 509 2248 stolorum.
569 2173 625 2246 lbi
647 2197 729 2244 vere
754 2186 805 2243 est
826 2169 983 2242 Ecclesia
998 2171 1087 2256 Dei,
1110 2171 1313 2263 ubicunque

326 2290 463 2369 recepta
489 2288 539 2346 est
561 2300 629 2345 vox
645 2269 924 2365 Prophetarum,
949 2268 1085 2342 Christi
1108 2286 1142 2341 et
1159 2267 1313 2361 Aposto-

326 2379 463 2462 lorum3
491 2378 542 2447 ibi
563 2391 615 2446 est
638 2371 836 2445 haereditas
851 2376 944 2444 vitae
966 2386 1146 2457 aeternae,
1172 2373 1223 2440 ibi
1240 2371 1313 2462 spi-

326 2481 417 2552 ritus
430 2492 570 2549 sanctus
585 2492 637 2548 est
651 2478 788 2562 efficax,
811 2475 878 2566 ibit
896 2475 1038 2544 exaudit
1053 2488 1087 2544 et
1102 2470 1312 2545 invatDeus.

323 2579 397 2652 Nec
419 2580 514 2650 tituli
537 2579 743 2671 pontificum
766 2591 827 2648 aut
849 2575 924 2647 ulla
940 2568 1133 2668 ἀξιώματα
1149 2575 1224 2642 sine
1247 2570 1312 2642 hac

325 2681 485 2752 doctrina
514 2681 650 2752 faciunt
674 2677 879 2749 Ecclesiam.
938 2676 1011 2746 Nos
1043 2677 1151 2764 igitur
1179 2675 1312 2765 ample-

325 2795 456 2854 ctentes
472 2783 563 2852 veris
577 2781 780 2874 pectoribus
795 2777 992 2849 doctrinam
1002 2773 1263 2868 Prophetarum
1278 2789 1312 2844 et

322 2881 597 2975 Apostolorum,
622 2895 825 2964 statuamus,
852 2902 933 2948 vere
948 2889 1021 2946 es'se
1035 2875 1102 2946 Dei
1118 2875 1311 2946 Ecclesiam

324 3000 359 3054 et
372 2983 486 3055 Deum
502 2985 726 3077 praelucente
739 2977 805 3050 hac
819 2979 981 3049 doctrina
995 2979 1122 3048 fiducia
1140 2979 1222 3061 filii,
1237 3001 1312 3044 me-

324 3087 488 3170 diatoris,
513 3087 735 3166 invocemus,
760 3106 826 3151 nec
846 3083 1022 3170 fingamus
1036 3080 1144 3172 recipi
1167 3080 1312 3148 invoca-

325 3182 457 3257 tionem
476 3189 551 3258 sine
568 3183 634 3257 hac
653 3184 824 3254 doctrina.
1141 3237 1149 3247 .

825 3277 1013 3373 Philippus
1040 3278 1265 3352 Melanthum.

321 3677 388 3750 No.
406 3676 518 3746 5002.

327 3771 500 3803 w

592 3857 741 3940 Ioocb.
768 3853 1023 3944 Canteturio.

388 4019 473 4094 Epist.
486 4018 520 4074 ad
534 4017 669 4072 Camersr.
682 4037 710 4089 p.
723 4018 774 4072 trs
785 4038 845 4091 sqq.
865 4017 917 4087 (ed.
929 4018 1021 4074 Lond.
1039 4018 1084 4074 lib.
1098 4017 1146 4075 lV.
1163 4037 1206 4091 ep.
1220 4019 1302 4092 ssa).

1150 3681 1184 3746 l.
1204 3679 1285 3764 Aug.

1133 3771 1305 3822 W

320 4171 545 4250 Clarissimo
570 4174 646 4245 viro
675 4171 876 4246 eruditione
896 4185 927 4246 et
952 4175 1080 4266 ¹uirtute
1102 4177 1313 4271 praestanti

344 4271 586 4350 Ionchimo
612 4270 889 4348 Camerario
912 4271 1141 4370 Pubergensi
1165 4276 1284 4349 amico

700 4402 768 4448 suo
794 4403 923 4454 earrss.

319 4497 363 4587 S.
386 4514 431 4589 D.
483 4513 687 4584 Honorilice
701 4513 916 4605 praedicavit
933 4524 967 4581 et
989 4512 1116 4582 marito
1139 4527 1171 4583 et
1193 4514 1309 4601 nobis,

320 4615 504 4687 honestiss.
537 4629 697 4685 matrona
719 4606 883 4683 Luctum·
907 4612 1061 4682 coniunx
1084 4627 1143 4682 tua
1168 4639 1246 4703 erga
1272 4639 1308 4686 se

321 4721 450 4802 officia,
485 4731 519 4788 et
551 4740 613 4805 ogo
644 4739 720 4785 cras
752 4717 785 4785 ei
814 4730 909 4785 tuam
937 4713 1119 4802 epistolam
1142 4718 1308 4803 recitabo,

320 4845 424 4915 quam
442 4814 549 4888 hodie
564 4817 693 4909 accepi.
745 4815 852 4908 Spem
869 4839 941 4884 esse
956 4809 1247 4909 Puumgurtrscri
1262 4819 1306 4888 li-

319 4922 467 4991 berandi
487 4921 641 5010 gaudeo,
666 4931 700 4988 et
719 4930 761 4988 ut
785 4932 844 4987 tua
861 4933 941 4988 vota
961 4921 1005 4986 ad
1020 4921 1213 4989 multorum
1229 4921 1308 5010 pio-

893 311 1325 404 EPISTOLARUM
1375 309 1577 384 LlB.lX.
1631 309 1761 386 1544.

1360 4367 1558 4490 usus

2247 321 2298 396 lit

1364 477 1489 552 sumus
1502 483 1669 554 colamus.
1722 481 1828 570 Quod
1847 484 1969 576 scripsi
1986 507 2098 576 nuper
2111 473 2296 558 tectaru-

1363 579 1463 679 puy,
1486 598 1528 654 ut
1546 575 1735 654 Fucitsius
1757 597 1876 674 putat,
1910 601 1943 654 et
1967 587 2027 654 alii
2050 582 2240 680 χαμαίδρυν
2255 615 2298 658 m·

1365 684 1522 769 minant,
1542 683 1723 754 Teucrion
1744 707 1816 754 esse
1845 700 2013 770 statuam,
2038 687 2106 770 ibi,
2135 700 2171 758 ut
2190 692 2298 775 deutri,

1365 786 1438 854 vim
1454 799 1616 877 expertus
1630 786 1750 870 fuero,
1767 786 1805 854 in
1823 787 1953 879 splenis
1969 787 2198 862 medicatione.
2220 789 2299 859 sirm

1366 886 1461 955 enim
1480 886 1564 956 inde
1586 909 1719 955 nomen
1745 909 1837 971 esse,
1863 891 1944 981 qnia
1962 887 2099 959 Teucer
2113 884 2172 959 hac
2182 891 2300 981 plantula
2344 909 2345 916 ’

1364 988 1558 1058 medicatus
1572 987 1617 1057 sit
1631 1009 1694 1057 suo
1710 990 1836 1057 morbo
1853 995 1931 1058 orto
1957 1013 1998 1058 ex
2013 1004 2106 1062 atrae
2120 989 2194 1060 bilis
2207 993 2301 1060 redon·

1366 1090 1497 1162 dantia.
1556 1085 1604 1158 Et
1636 1089 1710 1158 vim
1741 1086 1995 1180 deprehensam
2027 1115 2116 1176 esse,
2147 1117 2216 1160 eum
2240 1094 2301 1160 forte

1366 1190 1480 1281 spleni
1497 1189 1732 1280 imposuisset,
1758 1204 1906 1260 mactata
1922 1193 2077 1262 victima.
2124 1191 2246 1263 Fabella
2256 1194 2301 1260 elr-

1365 1289 1569 1380 gantissima
1583 1303 1652 1374 est,
1668 1291 1828 1384 quisquis
1843 1306 1946 1363 autor
1963 1308 2024 1368 est.
2237 1329 2242 1342 =

1466 1386 1662 1463 Exhibebit
1686 1385 1752 1462 tibi
1776 1387 1839 1462 has
1862 1395 1997 1464 litteras
2020 1387 2246 1488 Moserus')‚
2263 1394 2300 1485 qui

1365 1493 1452 1562 olim
1465 1491 1598 1581 collega
1621 1493 1689 1563 fuit
1704 1488 1876 1586 Micytti,
1902 1509 2020 1587 postea
2043 1498 2161 1568 docuit
2174 1491 2302 1566 Comitem

1373 1584 1665 1666 Werttemium:
1695 1594 1887 1665 instructus
1918 1611 1970 1666 est
1992 1599 2136 1683 viatico,
2166 1621 2222 1665 nec
2244 1596 2302 1685 petit
2346 1643 2347 1664 ι

1365 1694 1485 1779 aliud,
1508 1696 1578 1763 nisi
1601 1708 1642 1766 ut
1664 1696 1801 1766 aditum
1820 1698 1862 1765 ad
1885 1711 1920 1766 te
1937 1693 2084 1786 habeat,
2107 1713 2147 1769 ut
2162 1699 2201 1766 de
2215 1696 2302 1764 litteris

1364 1796 1544 1867 interdum
1558 1795 1729 1870 consulat.
1778 1795 1820 1865 ln
1842 1792 1962 1868 schola
1985 1801 2104 1894 aliqua
2124 1797 2238 1869 celebri
2250 1793 2302 1886 lly-

1365 1899 1437 1968 siae
1458 1911 1520 1968 aut
1533 1895 1691 1966 Ecclesia
1712 1900 1839 1967 docere
1860 1915 1995 1990 posset,
2021 1926 2130 1995 quare
2150 1924 2221 1972 cum
2234 1897 2304 1966 etian

1365 1999 1409 2068 iis
1431 1997 1714 2083 commendabis,
1735 1999 1797 2092 qui
1819 1997 2013 2090 provehere
2036 2027 2117 2074 eum
2135 2011 2261 2094 possunt
2278 1993 2304 2062 al

1367 2125 1422 2172 eas
1440 2093 1680 2198 λειτουργίας.
2069 2150 2074 2156 -

1466 2200 1519 2271 De
1537 2197 1727 2270 Bornensi
1738 2201 1897 2292 litigante
1913 2227 1992 2273 cum
2000 2201 2145 2275 Pastore
2160 2197 2240 2272 nihil
2252 2196 2305 2276 scio,

1366 2328 1429 2373 nec
1445 2298 1627 2372 hominem
1644 2303 1748 2387 novi,
1762 2307 1913 2372 ‘tanturn
1938 2307 2059 2374 audivi
2082 2317 2236 2376 venenate
2250 2298 2305 2368 soli·

1365 2420 1441 2475 tum
1463 2405 1595 2495 pastori
1616 2405 1693 2473 viro
1716 2405 1811 2474 bono
1836 2407 2029 2476 obtrectare
2058 2421 2092 2476 et
2121 2401 2263 2474 insectari
2283 2419 2305 2463 at
2348 2376 2349 2446 l

1366 2507 1534 2576 conviciis
1556 2508 1706 2574 lacerare
1722 2501 1976 2601 Spoletinum.
2036 2506 2133 2580 Haec
2156 2507 2184 2576 ei
2205 2497 2305 2572 erneis

1365 2608 1491 2676 litteris
1509 2608 1655 2676 recitare
1671 2619 1782 2696 potes.
1815 2606 1976 2702 Cumque
1992 2633 2114 2680 caussa
2128 2603 2210 2676 milti
2224 2605 2306 2690 ignota
2348 2629 2349 2660 ι

1364 2708 1428 2788 sit,
1462 2732 1568 2802 quam
1591 2707 1679 2796 agit,
1713 2709 1950 2797 patrocinium
1977 2711 2052 2782 eius
2083 2711 2242 2800 suscipere
2259 2721 2304 2768 non
2349 2744 2350 2820 ρ

1365 2809 1461 2878 νοΙο.
1518 2806 1609 2876 Nolo
1634 2807 1730 2876 enim
1755 2832 1891 2878 armare
1919 2811 1999 2880 illas
2022 2801 2305 2904 φιλαπεχθήμονας
2349 2823 2350 2836 ³

1365 2924 1508 2980 naturas
1529 2935 1569 2977 ac
1592 2901 1834 3002 πικροχόλους
1855 2925 1978 2981 contra
2001 2911 2162 2983 Pastores
2176 2901 2305 2979 Ecclesia

1365 3035 1457 3081 rum.
1504 3007 1625 3080 Discat
1641 3010 1805 3080 iuventus
1822 3013 1927 3081 etiam
1942 3014 2072 3084 uostris
2094 3010 2245 3101 exemplis
2261 2999 2306 3092 prl-

1366 3127 1461 3182 vatas
1485 3111 1633 3180 iniurias
1655 3113 1856 3182 condonare
1875 3111 2030 3205 Reipub.
2083 3114 2183 3185 Hanc
2205 3131 2255 3198 ego
2272 3101 2306 3170 tl·

1365 3207 1455 3312 pidu
1470 3227 1504 3282 rt
1517 3236 1614 3280 meae
1632 3212 1835 3283 iracundiae
1852 3227 1886 3284 et
1899 3216 2052 3284 aliorum
2066 3239 2166 3306 saepe
2179 3227 2295 3302 oppono.
2350 3299 2351 3304 γ

1466 3313 1599 3404 Scripsi
1616 3308 1702 3382 haec
1719 3313 1910 3399 celerrime,
1935 3316 2175 3402 flagitantibus
2188 3305 2306 3403 epistolas

1366 3415 1443 3484 aliis
1458 3415 1598 3500 multis,
1623 3428 1760 3503 praeter
1774 3411 2044 3513 Moserumlff),
2070 3419 2196 3512 quibus
2206 3432 2268 3481 cum
2278 3404 2305 3470 dt

1365 3518 1518 3598 litteras,
1543 3537 1617 3584 non
1638 3514 1758 3585 labore
1772 3527 1928 3603 tantum,
1953 3519 2014 3587 sed
2038 3521 2145 3590 etiam
2168 3501 2306 3585 iracundie

1313 3675 1317 3682 .
1366 3617 1567 3698 excrucior,
1594 3639 1700 3709 quam
1717 3621 1914 3690 accendunt
1935 3615 2023 3688 mihi
2048 3621 2213 3690 iuvenum
2231 3603 2306 3679 insul·

1364 3743 1422 3789 sae
1438 3718 1659 3808 cupiditates.
1708 3714 1805 3786 Bene
1818 3720 1912 3804 vale,
1934 3721 1995 3796 rlie
2016 3717 2084 3794 lll.
2103 3713 2250 3809 Augusti,
2264 3725 2305 3817 φρ

1365 3819 1477 3889 nostri
1500 3819 1593 3886 cives
1616 3819 1661 3886 ad
1683 3818 1814 3908 plateas
1833 3821 2003 3891 delevisse
2021 3820 2198 3892 Persicum
2216 3827 2307 3885 exercr-

1364 3935 1439 3991 tum
1461 3919 1639 3992 dicuntur.

1920 4017 2113 4118 Philippus
2127 4007 2278 4094 Melanth

1641 4215 1646 4226 ,
2262 4205 2302 4227 ,..

2046 4379 2080 4446 4.
2099 4375 2179 4456 Aug.
2191 4371 2239 4450 (lt.
2252 4356 2299 4434 tull

2012 4461 2306 4508 w

1694 4572 1749 4662 B.
1779 4573 2016 4662 schuttera.
2149 4554 2151 4562 ⁸

1460 4733 1544 4806 Epist.
1560 4733 1651 4789 lib.ll.
1665 4752 1691 4805 p.
1703 4733 1765 4793 476.
1784 4737 1861 4806 (edit.
1874 4736 1964 4826 Lood.
1977 4735 2026 4792 lib.
2039 4735 2076 4791 ll.
2089 4753 2133 4806 ep.
2145 4729 2221 4794 filib)-
2341 4767 2344 4776 ι

1497 4888 1553 4964 1).
1577 4889 1910 4964 Bartolomoeo
1935 4887 2222 4965 Scholiero..

318 5048 398 5092 rum
432 5045 549 5110 preces
580 5021 767 5108 adiungas,
801 5031 841 5088 ut
869 5019 1058 5103 liberetur,
1099 5044 1175 5093 oro.
1233 5019 1307 5092 Nec
1357 5004 1404 5098 S.
1429 5022 1476 5102 D.
1526 5024 1656 5116 Ingens
1670 5024 1739 5098 Dei
1754 5029 1891 5097 donum
1904 5041 1955 5098 est
1969 5021 2102 5098 habere
2124 5021 2240 5092 liberos
2255 5003 2308 5074 ἰδο-

318 5147 403 5192 vero
434 5125 579 5205 dubito,
618 5121 707 5213 quin
728 5143 808 5188 enm
838 5143 940 5210 saepe
973 5123 1042 5190 tuis
1063 5121 1250 5209 gemitibus
1272 5138 1306 5193 et
1357 5153 1444 5199 neos
1472 5129 1518 5200 ad
1545 5131 1734 5216 virtutem,
1767 5141 1802 5200 et
1831 5129 2014 5200 doctrinae
2037 5145 2187 5219 capaces.
2238 5099 2309 5178 T³¹l⁵

319 5225 480 5314 precibus
494 5221 570 5292 Deo
591 5223 824 5292 commendes.
874 5218 927 5290 De
943 5220 1032 5312 Rep.
1051 5219 1094 5292 V
1089 5221 1162 5291 itus
1182 5223 1305 5296 scribit

319 5325 497 5394 silentium
515 5346 605 5406 esse,
627 5335 661 5392 et
678 5323 878 5392 tarditatem
901 5347 974 5392 esse
989 5346 1150 5412 magnam
1171 5326 1304 5395 exerci-

320 5439 418 5495 tuum
436 5427 474 5493 in
485 5423 615 5493 Gallia.
638 5421 765 5494 Nostra
781 5423 890 5516 igitur
904 5424 1019 5496 studia
1034 5438 1205 5519 quantum
1219 5449 1305 5520 pos-

1390 5366 1418 5434 0)
1436 5361 1597 5420 Musterus?

1390 5450 1440 5518 *1)
1459 5445 1633 5504 Musterumi
