4864 6244
95 367 166 444 869

100 542 169 614 No.
186 535 306 609 3292.
939 527 995 588 18.
1011 515 1084 582 Oct.

105 645 315 680 Μ
378 731 438 817 A.
467 723 805 815 Lauterbachio.

164 909 242 981 †llx
261 924 355 980 apogr.
375 903 437 964 sod.
457 901 545 956 Goth.
567 899 626 952 190.
646 915 674 968 p.
691 895 749 949 116.

100 1065 191 1140 Dm.
218 1059 423 1133 Antonio
449 1040 776 1226 Lolqterbuclr,
801 1037 954 1114 Pastori
975 1037 1093 1114 eccles.

548 1177 682 1224 cruens.

101 1289 145 1382 S.
172 1307 218 1380 D.
261 1295 471 1370 Venerande
485 1289 641 1361 Domine
656 1283 806 1355 Antoni.
843 1279 920 1369 Ago
937 1277 1001 1347 tibi
1015 1299 1094 1366 gra-

101 1414 167 1486 tias
191 1423 226 1480 et
246 1398 515 1476 honestissimae
539 1389 680 1478 coniugi
706 1402 804 1470 tuae,
830 1397 865 1452 et
885 1381 1014 1450 debere
1037 1401 1093 1446 me

102 1514 203 1585 vobis
227 1506 374 1598 gratiam
396 1519 544 1588 agnosco
561 1492 740 1567 otiamur,
767 1487 863 1579 quod
880 1498 953 1554 tarn
969 1505 1093 1550 aman-

104 1632 157 1688 ter
179 1617 222 1682 de
240 1609 333 1677 filiae
349 1626 447 1672 meae
471 1593 674 1668 valetudine
698 1587 844 1660 solliciti
869 1585 960 1656 estis.
1011 1581 1094 1652 Non

104 1715 233 1791 erravit
258 1721 377 1778 noster
401 1698 606 1788 chirurgus,
640 1693 701 1788 qui
731 1705 805 1760 tum
836 1682 1095 1790 pronunciavit,

105 1823 239 1890 fluxum
254 1833 325 1881 esse
342 1807 419 1874 sine
438 1802 629 1872 lunatione.
680 1793 754 1864 Nec
776 1805 893 1860 tamen
916 1810 1000 1858 usus
1018 1809 1095 1854 sum

105 1923 149 1992 iis
166 1910 374 2006 emplastris,
401 1897 595 2000 quaemihi
612 1907 854 1990 apparaverat,
880 1891 940 1960 sed
958 1887 1095 1981 puellae

106 2023 172 2092 sub
188 2013 346 2086 humeris
367 2007 485 2098 erupit
500 2005 627 2075 lluxus.
684 1997 737 2068 lta
754 1996 858 2066 desiit
873 1992 1095 2083 scapularum

106 2139 237 2194 tumor.
285 2114 368 2186 Scio
394 2107 581 2202 apneritia
601 2100 817 2196 periculosos
841 2097 956 2165 lluxus
974 2089 1097 2183 capitis

106 2221 284 2293 habuisse.
334 2213 432 2284 Deus
448 2235 524 2281 eam
544 2221 577 2277 et
591 2229 657 2275 nos
673 2224 795 2272 omnes
810 2209 919 2288 regat·

207 2355 263 2426 De
285 2351 381 2423 hello
404 2368 505 2437 spero
530 2331 627 2410 nnnc
651 2335 795 2430 quidem
825 2329 956 2398 exitum
988 2322 1099 2416 placi-

107 2466 193 2534 dum
218 2469 251 2526 et
273 2478 349 2524 non
372 2447 557 2518 exitiosum
581 2437 637 2508 his
660 2433 863 2525 regionibus
886 2443 919 2499 et
945 2425 1100 2497 ecclesiis

108 2565 236 2637 harum
258 2556 466 2646 regionum,
493 2559 528 2616 et
552 2568 615 2614 oro
630 2538 766 2616 Deum,
792 2547 841 2604 ut
854 2531 1015 2602 ecclesius
1033 2551 1100 2594 no-

108 2683 208 2748 stras,
234 2662 273 2730 in
292 2657 424 2754 quibus
441 2661 534 2720 certe
552 2658 654 2715 sonat
669 2665 737 2710 vox
751 2633 949 2725 Evangelii,
975 2640 1100 2700 servet.

109 2767 143 2842 A
157 2766 287 2860 quibus
303 2759 491 2830 adiuvetur
504 2741 660 2842 Lycaon
675 2732 975 2812 Brunstvicensis
989 2731 1100 2848 multa

108 2871 262 2942 scribere
293 2881 447 2955 pussem;
488 2855 548 2921 sed
582 2863 720 2940 tempus
752 2841 872 2912 omnia
908 2835 1102 2932 patefaciet.

109 2971 238 3045 Arcem
255 2959 451 3059 lupinum
472 2951 668 3024 hisdiebus
689 2941 927 3038 oppugnavit,
952 2939 1011 3008 sed
1027 2937 1102 3004 fru-

111 3089 192 3145 stra.
244 3067 292 3139 Et
310 3061 444 3156 repulsi
464 3067 597 3128 suntet
619 3049 794 3122 interlecti
815 3045 951 3137 aliquot
973 3039 1103 3107 milites

111 3179 206 3246 inter
226 3165 517 3263 oppugnandum.
538 3151 541 3157 ’
570 3153 691 3226 Audio
713 3150 914 3242 principum
932 3143 1049 3259 cup-ias
1070 3151 1106 3206 et

110 3279 247 3350 Ducem
261 3265 526 3358 Landgravium
541 3260 610 3328 iarn
630 3247 919 3342 csseGotungne,
940 3247 1003 3313 ulu
1020 3263 1105 3310 con-

114 3376 227 3450 iuncti
244 3373 414 3443 exercitus
429 3368 597 3434 adversus
613 3360 811 3452 Lycaonem
830 3359 984 3440 pergent.
1008 3343 1105 3413 Deus

114 3496 278 3553 aeternus
304 3487 403 3565 pater
425 3464 563 3534 domini
585 3459 700 3528 nostri
723 3455 801 3524 lesu
827 3448 913 3522 Chr.
936 3446 1106 3538 reprimat

114 3578 339 3673 Lycaonem.
391 3567 522 3656 Magna
545 3577 636 3632 certe
656 3585 711 3629 res
734 3569 856 3645 agetur
879 3565 912 3620 et
932 3549 1107 3663 dimican-

115 3687 200 3754 dum
217 3691 268 3747 est
283 3680 326 3744 de
344 3668 470 3742 harum
486 3663 644 3756 gentium
663 3662 784 3732 salute.
831 3653 927 3724 Bene
945 3666 978 3721 et
994 3651 1107 3720 leher-

672 337 1113 418 EPlSTOLARUM
1173 337 1281 414 LIB.
1315 337 1379 415 tx,
1433 335 1565 412 1646.

2068 339 2144 413 870

1146 533 1219 580 esse
1233 505 1411 580 Ecclesiae
1425 510 1512 596 Dei,
1538 519 1603 581 no's
1621 535 1703 581 vero
1722 513 1869 584 damnat
1892 525 2059 608 tanquam
2077 515 2140 585 de-

1143 623 1310 699 sertores3
1347 614 1473 682 omitto
1498 614 1592 682 enirn
1615 639 1704 707 quae
1724 615 1769 685 de
1793 617 2018 706 dogmatibus
2039 617 2137 703 dicit,

1144 739 1224 784 cum
1240 739 1304 784 nec
1320 714 1396 805 ipse
1411 729 1549 795 narret,
1574 719 1670 808 quod
1688 719 1815 806 dogma
1830 719 2016 808 improbet.
2053 717 2136 790 Non

1143 818 1258 886 solum
1274 817 1496 886 adversarios
1516 819 1624 886 audio
1640 831 1693 888 tot
1713 819 1916 918 iamsannos
1937 821 2136 902 vociferari,

1142 941 1209 988 nos
1240 919 1436 988 desertores
1463 942 1555 1004 esse,
1588 922 1649 989 sed
1673 921 1871 1012 saepissime
1898 923 2135 1012 ipsemecum

1144 1022 1302 1111 disputo:
1324 1043 1453 1090 verene
1470 1015 1538 1092 hoc
1553 1021 1687 1090 crimen
1703 1024 1808 1093 nobis
1824 1023 2023 1096 obiiciatur.
2062 1021 2136 1094 lta-

1143 1147 1211 1217 que
1238 1147 1317 1190 cum
1343 1117 1433 1190 mihi
1457 1147 1534 1192 mea
1560 1123 1724 1194 voluntas
1747 1149 1827 1215 erga
1851 1122 2044 1196 Ecclesiam
2066 1121 2136 1195 Dei

1142 1237 1227 1296 nota
1247 1225 1309 1308 sit,
1334 1236 1370 1293 et
1392 1225 1518 1308 sciam,
1542 1247 1599 1294 me
1621 1249 1676 1294 res
1691 1227 1852 1296 difficiles
1869 1251 1909 1297 ex
1926 1250 2052 1316 magna
2075 1251 2135 1296 ca-

1142 1327 1251 1416 ligine
1280 1327 1560 1416 disputationum
1583 1329 1808 1400 mediocriter
1835 1329 2027 1414 evolvisse,
2059 1352 2134 1398 uon

1143 1429 1280 1513 dubito,
1304 1453 1361 1496 me
1375 1453 1477 1498 verae
1492 1443 1526 1498 et
1542 1423 1732 1498 catholicae
1744 1427 1922 1500 Ecclesiae
1939 1428 2007 1499 Dei
2021 1431 2135 1502 civem

1144 1553 1227 1600 esse.
1285 1529 1368 1600 Non
1391 1532 1486 1598 enirn
1510 1530 1640 1600 desinit
1668 1530 1755 1600 civis
1777 1526 1999 1626 Ecclesiae¹)
2025 1528 2134 1603 homo

1144 1645 1237 1700 recte
1260 1630 1429 1700 invocans
1458 1630 1592 1716 Deum,
1624 1633 1761 1702 etiamsi
1786 1635 1916 1724 probat
1945 1656 2049 1705 usum
2076 1633 2135 1703 in·

1145 1747 1261 1823 tegrae
1287 1757 1414 1802 coenae
1438 1734 1655 1817 dominicae,
1687 1735 1889 1824 coniugium
1912 1737 2135 1806 sacerdotum

1145 1851 1180 1906 et
1209 1835 1489 1904 emendationem
1518 1838 1693 1905 abusuum
1723 1840 1787 1928 τῆς
1812 1832 2073 1935 attemptat„
2094 1849 2137 1906 ut

1147 1936 1275 2006 Graeci
1292 1950 1429 2009 vocant.
1479 1939 1538 2006 An
1555 1937 1584 2005 si
1600 1939 1669 2006 iam
1687 1953 1907 2027 resurgerent
1923 1936 2135 2009 Ambrosius

1146 2053 1180 2108 et
1196 2035 1433 2125 Augustinus,
1458 2061 1498 2104 ac
1513 2039 1675 2108 viderent
1700 2053 1846 2132 propter
1861 2035 1925 2109 has
1936 2063 2056 2111 causas
2070 2062 2136 2108 nos

1147 2139 1326 2222 damnari,
1352 2139 1530 2206 laudaturi
1555 2151 1670 2207 essent
1692 2134 1785 2208 hanc
1806 2142 1986 2212 saevitiam
2010 2139 2137 2212 Ponti-

1146 2241 1275 2310 ficum?
1327 2237 1402 2308 lmo
1420 2239 1449 2307 si
1467 2239 1629 2308 viderent
1645 2254 1783 2310 nostros
1800 2242 1962 2322 interfici,
1989 2245 2138 2312 damna-

1147 2357 1226 2414 rent
1242 2339 1447 2410 Pontibcem
1465 2355 1633 2434 tanquam
1654 2343 1877 2432 parricidam.
1926 2341 2008 2411 Nou
2024 2343 2139 2412 titulis

1148 2448 1209 2516 sed
1225 2445 1331 2513 rebus
1354 2443 1583 2512 iudicandum
1601 2443 1730 2535 estqui
1748 2443 1818 2512 sint
1841 2444 1933 2513 cives
1948 2440 2137 2516 Ecclesiae.

1149 2546 1319 2636 Quaesivi
1341 2546 1521 2614 doctrinae
1543 2545 1749 2636 puritatem,
1775 2559 1809 2618 et
1830 2545 1998 2626 adfirmo,
2027 2545 2139 2615 multa

1149 2662 1243 2717 recte
1259 2647 1398 2717 anobis
1415 2647 1582 2738 explicata
1598 2669 1682 2732 esse,
1706 2671 1796 2738 quae
1811 2671 1885 2716 non
1901 2661 1994 2716 recte
2010 2648 2139 2717 tradita

1150 2753 1295 2822 fuerunt
1311 2774 1330 2819 a
1347 2745 1537 2818 Monachis
1551 2762 1585 2819 et
1601 2745 1814 2820 Canonistis.
1853 2747 1924 2818 Nec
1939 2747 2046 2819 initio
2060 2762 2141 2818 tan-

1151 2869 1208 2926 tus
1236 2854 1360 2922 inisset
1388 2853 1571 2923 doctorum
1601 2850 1838 2940 plurimorum
1863 2864 1898 2921 et
1926 2851 2141 2942 sapientium

1152 2955 1342 3046 adplausus
1364 2967 1457 3022 mota
1481 2953 1719 3044 disputatione
1742 2954 1786 3021 de
1811 2952 2045 3044 poenitentia,
2070 2951 2143 3022 nisi

1152 3059 1281 3127 rectius
1296 3055 1387 3125 tradi
1403 3057 1576 3148 quaedam
1591 3055 1876 3124 animadversum
1892 3068 1991 3127 esset.
2029 3051 2073 3126 V
2068 3053 2142 3122 itus

1153 3184 1216 3229 nec
1233 3158 1318 3246 lcgit
1331 3181 1395 3226 nec
1410 3156 1577 3244 intelligit
1589 3157 1861 3225 commentarios
1874 3155 1973 3226 Scoti
1990 3169 2023 3224 et
2043 3155 2143 3226 simi-

1153 3263 1260 3344 linm3
1287 3283 1383 3328 nunc
1396 3281 1432 3327 se
1446 3259 1630 3350 utriusque
1646 3255 1755 3347 partis
1770 3257 1923 3326 iudicem
1945 3257 2045 3342 lacit,
2077 3279 2144 3328 nec

1154 3363 1296 3453 exponit
1318 3374 1437 3430 tamon
1453 3373 1564 3430 totum
1582 3359 1764 3428 doctrinae
1780 3381 1861 3427 suae
1878 3379 1998 3448 genus,
2025 3372 2064 3429 ut
2079 3381 2143 3448 ego

1154 3464 1231 3536 ieci.
1284 3457 1462 3534 Ostendat
1482 3463 1526 3528 de
1548 3460 1697 3552 singulis
1717 3459 1874 3528 articulis
1895 3460 1982 3553 quid
2005 3461 2145 3550 probet,

1156 3565 1240 3660 quid
1259 3587 1333 3633 non
1347 3565 1483 3654 probet.
1535 3561 1693 3631 Tantum
1710 3560 1885 3648 clamitat,
1911 3585 1948 3631 se
1961 3562 2060 3653 sequi
2073 3557 2146 3631 Ec-

1157 3667 1309 3739 clesiam.
1362 3663 1587 3734 Facillimum
1614 3677 1683 3748 est,
1718 3659 1825 3734 huius
1847 3662 1944 3733 tituli
1965 3662 2146 3732 maiestate

1158 3769 1405 3840 commendare
1424 3790 1459 3835 se
1474 3765 1628 3856 populo,
1654 3765 1712 3833 sed
1739 3789 1811 3834 non
1828 3776 1878 3832 est
1893 3764 2074 3834 vocabulis
2089 3763 2146 3833 iu-

1159 3871 1367 3949 dicandum,
1401 3867 1462 3960 qui
1485 3866 1555 3936 sint
1573 3867 1667 3936 cives
1689 3861 1877 3939 Ecclesiae.
1930 3863 2147 3946 Videndum,

1160 3974 1221 4070 qui
1249 3971 1320 4041 sint
1344 3967 1554 4060 Epicnraei,
1594 3968 1656 4060 qui
1682 3968 1879 4056 parricidae
1905 3967 2147 4040 membrorum

1160 4072 1349 4146 Ecclesiae.
1407 4069 1553 4158 Fingat,
1578 4093 1635 4136 me
1650 4093 1766 4138 errare
1783 4069 1821 4136 in
1837 4067 2016 4161 aliquibus
2032 4069 2149 4153 rebus,

1160 4190 1200 4247 ut
1216 4189 1298 4244 sunt
1313 4173 1445 4243 multae
1459 4168 1646 4241 huminum
1667 4169 1940 4241 imbecillitates:
1963 4169 2083 4240 minus
2096 4183 2151 4260 ta-

1005 4283 1012 4296 ¹
1070 4263 1112 4344 ⁸⁸.
1159 4303 1242 4347 men
1258 4301 1376 4368 pecco,
1403 4297 1507 4367 quam
1524 4272 1553 4342 si
1567 4271 1757 4362 parricidia
1773 4272 2035 4356 confirmarem,
2061 4293 2150 4364 quae

190 4639 210 4696 †
229 4627 264 4681 Er
282 4641 376 4697 apogr.
394 4622 423 4675 in
443 4619 508 4676 eod.
526 4617 612 4673 Paris.
635 4617 670 4668 D.
687 4613 719 4668 L.
737 4613 802 4666 ⁵4³.

120 4781 319 4880 Magistro
345 4766 564 4848 Mattbeo
590 4763 624 4840 C
631 4765 806 4846 allino,
842 4765 880 4834 r'n
912 4753 1112 4830 Academia

523 4867 719 4967 Progressi.

117 5005 166 5098 S·
187 5021 233 5094 D.
285 5013 474 5090 Carissime
488 5009 641 5081 Collinei
692 5001 771 5075 Etsi
788 5024 863 5070 non
880 4999 1023 5069 abundo
1039 4996 1113 5066 otio

120 5127 192 5216 legi
207 5139 326 5195 tamen
344 5129 455 5187 totam
467 5107 510 5182 V
505 5109 552 5179 iu·
558 5105 598 5207 ⁴)
616 5105 912 5219 declamationem
924 5101 981 5170 vel
997 5099 1115 5190 potius

121 5222 428 5302 criminationem,
454 5217 582 5307 inqua
608 5211 796 5302 gloriatur,
822 5227 859 5274 se
882 5227 994 5272 civem
1018 5224 1115 5270 nunc

124 5419 321 5442 „,........-

157 5549 188 5618 *)
205 5541 263 5598 Viti
281 5534 466 5598 Amerbecbii.

1161 4393 1322 4450 exercent
1345 4390 1467 4446 contra
1493 4397 1560 4442 nos
1581 4373 1654 4456 illi,
1689 4397 1841 4466 qnorum
1872 4371 1982 4442 ambit
2011 4373 2150 4441 favores

1161 4483 1246 4573 ipse.
1298 4479 1368 4550 Sed
1391 4502 1454 4546 nec
1477 4499 1539 4565 ego
1559 4476 1662 4567 plura
1686 4499 1782 4544 nune
1802 4473 2009 4566 disputabo,
2030 4495 2094 4541 ner
2116 4485 2151 4542 te

1161 4583 1268 4653 velim
1293 4605 1373 4650 cum
1395 4605 1436 4648 co
1459 4578 1581 4646 rixari.
1638 4573 1813 4646 Curemus
1834 4589 1875 4644 ut
1899 4573 2149 4643 conscientiam

1162 4699 1317 4754 nostram
1332 4681 1546 4764 erudiamus,
1565 4677 1676 4772 quiet
1692 4678 1754 4747 nbi
1770 4677 1841 4746 sint
1854 4671 2031 4744 Ecclesiae
2048 4675 2153 4762 cives,

1160 4787 1293 4856 scilicet
1311 4783 1514 4878 quicunque
1531 4794 1566 4851 et
1580 4779 1785 4872 ubicunque
1804 4775 1994 4846 sententias
2010 4800 2111 4846 veras
2123 4773 2153 4870 ²)
2199 4773 2201 4780 ’

1162 4911 1181 4958 a
1197 4885 1272 4956 Deo
1287 4886 1432 4956 traditas
1453 4883 1732 4974 amplectuntur,
1759 4895 1791 4951 et
1805 4877 1920 4948 Deum
1939 4892 2031 4948 recte
2048 4879 2153 4947 invo-

1163 5003 1255 5076 cant,
1278 4987 1416 5060 etiamsi
1432 5009 1506 5053 nnn
1524 4982 1786 5074 amplectuntur
1802 4979 2010 5051 traditiones
2026 4975 2153 5050 huma-

1162 5116 1226 5162 nas
1260 5104 1294 5161 et
1326 5088 1475 5158 iniustas
1499 5081 1769 5178 Episcopornm.
1830 5079 1987 5152 Narrant
2012 5079 2154 5168 Graeci,

1166 5289 1381 5306 ψ

1203 5427 1233 5494 l)
1254 5421 1431 5478 Desideratus
1449 5435 1519 5474 esse.

1204 5525 1232 5596 2)
1255 5539 1335 5576 ueras
1354 5517 1479 5590 rescripsi
1502 5535 1551 5586 pro
1573 5533 1666 5578 mma.
1690 5511 1823 5588 quadrat
1845 5512 1872 5568 in
1892 5511 2056 5587 apographo.

1475 5585 1559 5668 55'
