4890 6250
128 336 152 412 s
712 317 1153 406 srtsrooanuu
1201 321 1308 403 mn.
1346 324 1412 406 nc
1465 323 1597 404 asos
2055 309 2060 314 ’
2125 333 2174 422 10

128 507 387 606 aliquantisper
410 505 599 592 sedantur,
628 523 675 578 ne
695 499 948 576 laetificantem
970 493 1128 596 Halcyo-
1177 496 1343 593 permitto
1358 495 1492 570 iudicio
1507 498 1649 592 piorum
1662 511 1698 574 et
1713 505 1921 593 doctorum,
2003 531 2042 582 os
2065 504 2172 584 etiam

129 637 207 685 nem
225 611 438 702 impediant.
491 608 598 700 Quod
623 606 731 698 igitur
750 603 848 676 Deus
871 603 1128 698 aliquantisper
1177 603 1249 674 scio
1265 603 1455 674 candorem
1471 603 1511 674 in
1527 603 1719 679 iudicando
1735 603 1915 686 adhihere.
2000 626 2069 686 tut
2083 612 2173 683 alias

12 719 13 740 ¹
130 699 445 812 tranquillitatem,
478 726 647 808 tanquam
671 705 869 802 Halcyonia
890 700 947 776 his
971 703 1127 798 regioni·
1177 707 1225 776 ita
1242 729 1338 777 nunc
1354 718 1519 776 testatum
1536 707 1617 778 volo
1634 709 1677 777 de
1695 708 1928 799 dignitatibus
1942 736 2000 784 me
2022 735 2174 784 consen.

131 821 194 892 hus
217 817 338 902 dedit,
371 815 457 886 dum
473 809 708 904 Evangelium
725 809 960 894 illucesceret,
984 829 1127 898 agamus
1177 831 1255 878 sum
1278 807 1502 877 ecclesiarum
1527 824 1730 882 nostrarum
1752 813 1935 908 amplecti,
1968 839 2073 910 quem
2091 815 2174 910 qui-

133 919 324 1012 eigratias,
349 915 492 988 etvaris
507 941 548 988 ac
566 916 636 1009 piis
657 911 750 985 votis
772 923 931 1003 petamus
951 910 1127 1004 tranquil·
1177 909 1258 980 dem
1281 909 1515 982 certissimum
1540 924 1591 982 est
1610 935 1692 982 vere
1715 935 1789 983 esse
1809 937 2019 987 consensum
2044 939 2175 1010 perpe·

135 1024 265 1095 litatem
287 1020 327 1090 in
349 1033 552 1111 posterum,
589 1030 631 1087 ut
654 1013 820 1085 iuventus
842 1011 900 1104 pie
924 1011 1068 1081 educari
1087 1035 1127 1082 ac
1177 1020 1279 1082 tuum
1295 1011 1459 1081 ecclesiae
1473 1007 1664 1084 catholicae
1676 1011 1757 1086 Dei.
1807 1015 1894 1089 ldeo
1908 1033 1944 1089 et
1954 1019 2088 1092 iudicio
2103 1043 2174 1089 no·
2257 1065 2261 1072 -

141 1123 257 1195 doceri
276 1133 402 1216 queat,
443 1133 478 1190 et
499 1133 540 1192 ut
560 1113 702 1202 honesti
730 1127 765 1185 et
793 1113 845 1205 pii
874 1113 1128 1204 gubernatores
1176 1125 1329 1186 strarum
1352 1113 1578 1185 ecclesiarum
1598 1117 1719 1187 omnia
1743 1141 1821 1188 mea
1851 1122 1979 1214 scripta
2005 1121 2174 1192 subiicio.

143 1225 358 1316 disciplinam
381 1244 500 1312 regere
524 1235 558 1292 et
578 1217 672 1292 tueri
694 1215 841 1308 possint.
905 1211 987 1284 Etsi
1009 1227 1127 1285 autem
1177 1211 1268 1287 Cum
1285 1229 1404 1287 autem
1418 1215 1588 1287 usitatum
1605 1218 1652 1290 sit
1664 1216 1891 1314 Principibus
1906 1223 2069 1294 dedicare
2084 1223 2174 1294 scri·

139 1321 474 1420 semperEcclesiam
487 1347 635 1415 magnae
648 1317 871 1391 difficultates
885 1330 1128 1402 exercuerunt,
1176 1332 1259 1412 pta,
1292 1331 1327 1390 et
1349 1311 1506 1388 hirmos
1528 1319 1658 1390 multas
1681 1315 1811 1394 habeat
1831 1326 2031 1416 probandas
2045 1340 2078 1398 et
2093 1337 2177 1418 gra-'

136 1443 251 1500 tamen
265 1440 301 1499 et
321 1451 376 1498 res
399 1426 573 1510 ostendit,
600 1438 635 1495 et
648 1419 745 1510 Deus
768 1417 943 1512 praedixit
962 1417 1127 1489 ultimam
1178 1415 1249 1490 ves'
1271 1443 1412 1506 causas,
1452 1416 1546 1491 hanc
1578 1419 1864 1495 lucubrationem
1893 1427 1962 1498 tihi
1993 1425 2175 1499 Illustriss.

132 1530 257 1602 mundi
290 1543 465 1599 senectam
492 1529 649 1598 futuram
678 1522 791 1592 multo
824 1523 1127 1590 aerumnosiorem
1176 1520 1346 1614 Princeps
1362 1522 1658 1617 dedicare-vobri,
1687 1540 1729 1597 ut
1741 1529 1822 1597 cum
1835 1527 2055 1600 voluntatem
2074 1543 2174 1624 tuam

131 1630 376 1724 asperioribus
403 1629 588 1704 aetatibus.
646 1624 720 1697 Nec
749 1647 833 1692 vero
863 1623 994 1694 frustra
1024 1647 1128 1716 prae·
1179 1647 1259 1715 erga
1272 1621 1466 1694 Ecclesiam
1485 1621 1637 1712 Christi,
1668 1639 1701 1698 et
1724 1622 1871 1698 honesta
1897 1632 2012 1702 studia
2036 1629 2175 1702 laudari

129 1733 308 1804 dictiones
329 1732 443 1802 editae
465 1744 566 1816 stant,
597 1728 678 1798 vult
701 1749 758 1796 eas
781 1721 851 1816 legi
871 1721 987 1809 Deus,
1020 1739 1061 1794 ut
1077 1723 1127 1816 pii
1178 1726 1339 1811 audiam,
1370 1727 1525 1797 vicissim
1547 1723 1639 1799 hane
1659 1742 1757 1800 tuam
1771 1731 1941 1803 virtutem
1958 1728 2175 1804 scholasticis

127 1847 344 1928 praeparent
361 1833 500 1903 animos
524 1834 568 1901 ad
591 1825 802 1919 multiplicia
826 1826 1039 1911 certamina,
1072 1826 1128 1895 di·
1179 1828 1396 1919 praedicem,
1438 1851 1567 1924 eosque
1592 1825 1777 1931 adhortor,
1819 1855 1855 1902 se
1878 1837 1923 1904 ad
1947 1837 2119 1906 amandos
2141 1845 2176 1904 et

128 1949 229 2008 scant
247 1960 339 2029 quae
354 1936 400 2006 sit
416 1959 496 2004 vera
516 1930 584 2003 Dei
598 1927 776 2014 Ecclesia,
806 1927 846 2018 in
870 1950 940 2019 qua
962 1927 1130 1998 videlicet
1177 1933 1399 2000 venerandos
1420 1931 1535 2001 bonos
1557 1947 1591 2006 et
1615 1934 1784 2004 salutares
1807 1931 1991 2030 Principes
2013 1937 2140 2008 adsuef
2158 1979 2177 1996 -

127 2051 235 2108 sonat
250 2061 318 2106 vox
336 2033 524 2125 Evangelii
540 2035 606 2102 filii
619 2031 706 2116 Dei,
739 2029 851 2101 sciant
867 2023 959 2098 hanc
981 2027 1129 2101 dimica·
1179 2032 1292 2117 ciant,
1323 2047 1357 2102 et
1373 2033 1522 2102 assiduis
1541 2035 1704 2128 precibus
1720 2035 1798 2108 Deo
1817 2040 2069 2110 commendent
2083 2039 2177 2132 poli-

127 2155 249 2211 turam
272 2161 346 2208 esse
367 2162 447 2208 cum
470 2131 632 2208 hostibus
656 2128 813 2218 Christi,
847 2130 910 2223 qui
934 2131 1041 2202 nobis
1066 2155 1128 2202 sua
1178 2133 1246 2204 tias
1267 2147 1302 2204 et
1321 2134 1441 2203 bdeles
1464 2137 1726 2224 gubernatores.
1791 2137 1924 2230 Magna
1948 2156 2000 2213 est
2027 2139 2177 2214 humani

125 2255 245 2312 morte
262 2239 351 2325 iram
367 2239 501 2310 aeterni
520 2236 630 2329 patris
644 2232 814 2328 placavit,
846 2246 880 2303 et
903 2233 1129 2304 resuscitatus
1179 2236 1316 2326 generis
1330 2236 1534 2322 infirmitas,
1567 2261 1716 2329 magnus
1731 2239 1833 2311 furor
1848 2243 2001 2325 diaboli,
2037 2243 2100 2337 qui
2117 2267 2177 2314 ar-

127 2355 275 2432 regnat,
308 2353 349 2418 ut
374 2337 570 2410 Ecclesiam
603 2360 702 2407 suam
734 2337 844 2405 donet
876 2333 949 2404 vita
972 2348 1129 2424 aeterna,
1179 2339 1268 2410 dens
1282 2337 1366 2407 odio
1380 2335 1466 2418 Dei,
1500 2339 1591 2412 sicut
1606 2340 1741 2432 primos
1758 2355 1922 2436 parentes
1942 2345 2106 2438 impulit,
2136 2359 2178 2415 ut

126 2443 362 2515 sciantlinem
377 2436 505 2514 harum
523 2461 774 2511 aerumnarum
789 2436 883 2522 fore,
907 2459 987 2507 cum
1004 2433 1128 2508 Eccle:
1179 2453 1324 2510 merent
1340 2439 1377 2508 in
1394 2435 1458 2508 has
1474 2463 1677 2512 aerumnas:
1712 2439 1764 2515 lta
1778 2459 1948 2537 perpetuo
1970 2471 2098 2518 nocere
2120 2470 2178 2517 ec·

127 2547 179 2616 sia
202 2569 246 2615 ex
268 2557 383 2618 morte
407 2542 612 2615 resuscitata
634 2540 821 2611 ornabitur
840 2551 981 2608 aeterna
1005 2540 1129 2628 gloria.
1180 2541 1304 2612 clesiae
1321 2543 1456 2627 studet,
1489 2564 1530 2612 ac
1551 2545 1740 2636 praecipue
1760 2569 1899 2616 summo
1921 2549 2014 2620 vitae
2038 2548 2177 2638 fastigio

126 2649 182 2722 De
208 2642 267 2716 his
288 2647 395 2716 rebus
412 2669 491 2716 cum
509 2644 646 2736 prolixe
662 2663 728 2710 nos
743 2638 839 2713 Deus
858 2637 897 2707 in
911 2641 1041 2732 scripto
1054 2640 1128 2712 Da·
1180 2643 1381 2714 insidiatur.
1435 2640 1510 2712 Nec
1541 2644 1617 2714 ulla
1649 2657 1746 2716 tanta
1778 2661 1831 2718 est
1862 2651 2053 2742 sapientia,
2087 2674 2178 2746 quae

127 2749 236 2820 nielis
259 2747 542 2839 praemonuerit,
581 2758 782 2836 temporum
808 2739 915 2811 etiam
940 2743 1066 2812 seriem
1096 2738 1150 2814 et'
1179 2759 1353 2838 quantum
1375 2744 1422 2817 sit
1443 2744 1481 2812 in
1503 2743 1601 2815 omni
1617 2746 1877 2836 gubernatione
1895 2753 2061 2844 periculi,
2092 2752 2179 2824 satis

127 2863 243 2922 metas
259 2848 380 2943 aliquo
396 2851 503 2919 modo
522 2846 765 2929 constituerit,
798 2855 891 2914 terte
906 2842 1130 2916 honismen-
1181 2847 1365 2936 intelligat.
1426 2844 1546 2935 Quare
1578 2845 1762 2943 Principes
1795 2853 1978 2926 coniuncti
2012 2854 2178 2928 ecclesiae

129 2954 227 3024 tibus
242 2948 329 3021 haec
345 2951 451 3022 lectio
465 2950 565 3022 utilis
581 2961 642 3022 est.
694 2944 792 3036 Quid
809 2946 907 3040 quod
924 2969 992 3016 vox
1013 2949 1129 3037 angeli
1179 2946 1267 3034 Dei,
1310 2945 1473 3018 omnium
1497 2949 1640 3040 piorum
1665 2953 1757 3024 votis
1780 2954 1976 3026 adiuvandi
2002 2973 2104 3042 sunt,
2136 2971 2179 3028 ut

128 3057 168 3128 in
182 3054 254 3124 fine
269 3049 377 3122 huius
391 3051 516 3144 scripti
532 3047 711 3134 hortatur,
734 3048 898 3118 ultimam
916 3061 1064 3118 aetatem
1084 3053 1128 3120 ad
1178 3048 1276 3123 Deus
1292 3063 1473 3135 aeternus,
1497 3051 1559 3144 qui
1574 3052 1635 3122 dat
1651 3054 1798 3126 salutern
1813 3053 1995 3148 Regibus,
2021 3057 2179 3130 utPsal-
2302 3111 2305 3120 ,

129 3153 224 3228 hanc
244 3155 453 3240 lectionem,
485 3179 566 3226 cum
589 3152 653 3222 ait:
680 3149 799 3222 Stabis
819 3146 949 3220 Daniel
971 3150 1010 3220 in
1034 3166 1129 3223 sorte
1179 3175 1259 3224 mus
1273 3152 1409 3246 inquit,
1435 3154 1582 3222 consilia
1597 3177 1721 3226 eorum
1738 3171 1846 3248 regat,
1869 3176 2057 3233 armantes
2071 3175 2178 3254 atque

130 3273 190 3332 tna
205 3258 246 3328 in
263 3259 353 3343 bne,
383 3256 421 3326 id
443 3269 514 3342 est,
541 3253 699 3344 fungeris
716 3267 778 3322 tuo
794 3274 959 3336 munere,
984 3254 1128 3324 docebis
1179 3254 1332 3347 impetus
1348 3257 1390 3324 ad
1408 3277 1506 3324 suam
1525 3269 1558 3325 et
1573 3256 1753 3348 publicam
1770 3260 1919 3330 salutem
1934 3263 2064 3340 flectat.
2102 3261 2180 3336 Hac

128 3373 163 3431 et
183 3359 411 3430 continuabis
432 3358 523 3448 pios.
578 3353 628 3426 Et
649 3348 813 3428 Christus
843 3376 918 3422 non
946 3355 1127 3426 modoad
1180 3358 1224 3426 de
1245 3379 1284 3427 re
1298 3355 1463 3426 Lectores
1486 3356 1526 3425 in
1544 3350 1614 3426 hoc
1628 3380 1755 3448 genere
1770 3361 2037 3436 dedicationum
2053 3364 2178 3436 admo-

130 3461 319 3533 lectiouem
336 3460 411 3531 eius
424 3483 490 3530 nos
506 3458 668 3538 deducit,
698 3458 760 3526 sed
780 3453 885 3525 etiam
900 3454 1000 3525 iubet
1013 3469 1129 3526 atten-
1179 3459 1289 3528 nendi
1304 3469 1400 3530 sunt.
1433 3455 1532 3548 lpsos
1545 3459 1650 3528 etiam
1666 3459 1850 3555 Principes
1863 3467 1966 3538 lectio
1982 3467 2177 3540 illustrium

131 3579 187 3636 tos
208 3563 433 3632 considerare
460 3562 506 3632 de
527 3561 669 3655 quantis
691 3559 797 3629 rebus
823 3578 890 3625 nos
912 3557 1034 3628 doceat
1055 3555 1128 3630 Da·
1179 3558 1422 3650 exemplorum
1438 3553 1601 3630 hortetur
1615 3563 1659 3634 ad
1674 3567 1976 3655 moderationem,
2007 3571 2108 3642 etad
2131 3569 2180 3639 ti·

131 3665 236 3736 nielis
269 3665 444 3748 narratio,
487 3687 567 3733 eum
598 3662 664 3732 ait:
707 3658 782 3750 Qui
813 3657 918 3749 legit,
959 3663 1127 3733 attendat.
1178 3685 1315 3730 morem
1332 3656 1419 3742 Dei,
1452 3683 1542 3755 quae
1567 3665 1711 3756 quidem
1734 3689 1775 3736 eo
1791 3671 1979 3761 proposuit
1994 3669 2110 3758 Deus,
2139 3685 2180 3742 ut

130 3766 249 3839 Tanta
263 3766 457 3837 autoritate
480 3787 704 3847 moveamur,
733 3776 774 3832 ut
798 3755 866 3830 hoc
891 3760 1060 3852 scriptum
1082 3763 1127 3830 li·
1178 3763 1418 3855 posteritatem
1440 3763 1484 3834 ad
1507 3763 1650 3834 virtutis
1670 3768 1830 3840 studium
1851 3785 2003 3844 vocaret.
2061 3773 2177 3844 Deum

131 3871 257 3939 beuter
275 3881 313 3938 et
337 3867 494 3938 studiose
515 3867 683 3956 legamus.
742 3859 891 3934 Accedit
912 3856 998 3948 huc,
1030 3864 1125 3957 quod
1178 3879 1362 3935 aeternum
1393 3877 1530 3957 patrem
1560 3865 1760 3942 liberatoris
1788 3873 1902 3942 nostri
1937 3872 2016 3946 lesu
2043 3871 2176 3947 Christi

131 3994 252 4040 revera
281 3965 447 4061 Epitome
475 3980 527 4038 est
556 3963 726 4038 historiae
754 3963 881 4034 mundi
908 3963 994 4034 inde
1013 3989 1127 4058 usque
1177 3979 1252 4037 toto
1272 3979 1414 4058 pectore
1430 3990 1512 4051 oro,
1546 3980 1589 4037 ut
1612 3979 1645 4038 te
1666 3987 1782 4044 servet
1803 3974 2040 4062 incolumem,
2053 3991 2057 4002 ’
2072 3992 2107 4048 et
2129 3977 2178 4048 ita

129 4073 283 4164 aprima
299 4064 526 4154 monarchia,
558 4083 594 4138 et
614 4067 770 4157 exempla
793 4065 970 4134 bononem
994 4081 1029 4136 et
1050 4093 1127 4136 ma-
1178 4081 1293 4158 regat,
1323 4081 1365 4140 ut
1388 4079 1447 4138 tua
1472 4068 1682 4157 gubernatio
1698 4073 1744 4144 sit
1757 4075 1870 4146 fausta
1886 4091 1922 4147 et
1937 4078 2045 4148 foelix
2062 4078 2129 4148 tibi
2145 4092 2180 4148 et

131 4175 247 4245 lorum
266 4171 473 4264 Principum
489 4169 641 4242 illustria
661 4167 840 4260 proponit.
892 4163 962 4237 Sed
987 4170 1032 4238 de
1053 4170 1127 4240 uti-
1175 4169 1328 4262 patriae,
1364 4191 1405 4238 ac
1425 4167 1606 4241 Ecclesiae
1623 4168 1776 4262 Christi,
1814 4202 1905 4271 quae
1933 4194 1984 4249 est
2006 4180 2116 4250 altera
2145 4193 2180 4250 et

130 4275 289 4348 litatibus
316 4287 437 4363 postea
461 4273 565 4364 plura
592 4271 719 4340 dicam.
781 4264 860 4358 Ego
887 4267 1052 4361 quidem,
1086 4283 1126 4342 ut
1176 4273 1296 4344 verior
1309 4270 1435 4366 patria.
1487 4269 1636 4345 Calend.
1655 4271 1756 4352 lanu.
1783 4275 1893 4351 Anno
1907 4278 2155 4358 M.D.XLlll.

129 4373 358 4450 scholasticos
372 4375 416 4445 ad
435 4368 528 4446 hanc
549 4372 738 4444 lectionem
760 4369 968 4455 invitarem,
1000 4371 1126 4443 breves
1333 4396 1338 4414 ¹

128 4479 376 4550 annotationes
410 4476 520 4550 edidi.
584 4472 676 4545 Tam
708 4473 882 4544 foecunda
915 4485 1000 4542 sunt
1032 4475 1125 4545 dicta

129 4576 411 4674 Prophetarum,
441 4592 483 4650 nt
503 4571 684 4648 exhauriri
703 4599 778 4646 non
798 4574 945 4666 possint.
998 4573 1125 4663 Quen·
1175 4606 1241 4681 No·
1258 4607 1372 4683 25¹6·
2002 4623 2050 4704 (tn
2081 4621 2164 4709 Im)

128 4707 237 4778 quam
260 4681 370 4772 igitur
387 4677 627 4770 magnitudini
642 4689 931 4768 argumentorum
949 4670 988 4744 hi
1002 4676 1125 4764 ieiuni,
1181 4703 1354 4736 *ov-v
1995 4673 2169 4747 nuln-

129 4799 162 4856 et
185 4783 308 4856 mutili
330 4782 576 4852 commentarii
598 4805 672 4852 non
695 4778 950 4852 satisfaciunt:
986 4777 1124 4850 Tamen
1363 4787 1601 4899 Praefatio
1632 4799 1678 4880 in
1701 4798 1987 4887 ‘moranum'

129 4889 278 4979 prodest
307 4885 528 4958 iuventutern
555 4881 818 4954 commonefieri
847 4883 891 4951 de
925 4881 1124 4974 praecipuis

128 4988 299 5070 mdis,
323 4999 360 5058 eq
375 4987 477 5080 quasi
492 4986 602 5075 digito
619 4985 810 5056 monstrari
825 4982 1008 5068 90110005,
1034 5008 1123 5078 quos
1165 5063 1171 5076 .
1244 4969 1395 5028 Praemiasa
1410 4971 1501 5031 libror
1529 4973 1710 5058 Machametls
1725 4978 1925 5062 Saracenorum
1949 4983 2081 5058 principis
2102 4984 2176 5040 eiua·

1277 5059 1330 5111 que
1344 5059 1534 5098 successorum
1553 5053 1635 5118 vitae,
1653 5045 1779 5102 doctrina
1794 5067 1826 5102 ac
1839 5068 1896 5121 rpse
1909 5049 2029 5108 Alcona
2045 5083 2082 5098 -
2094 5086 2130 5098 .-
2142 5085 2178 5098 .-

126 5089 278 5164 studiosi
299 5100 418 5182 postea
439 5111 503 5160 ⁸118
528 5086 757 5158 medilailone
778 5086 927 5181 propius
948 5087 1122 5170 contueris,
1280 5127 1333 5162 naa
1348 5127 1413 5164 cum
1430 5113 1541 5168 doctiss.
1562 5113 1628 5181 viri,
1652 5113 1771 5187 Philippi
1785 5117 2004 5175 Melancbthouis
2018 5125 2175 5193 praemoni-

126 5207 161 5264 et
175 5191 340 5262 evolvere
355 5191 497 5265 dehent.
548 5188 643 5262 Sunt
657 5204 776 5260 autem
788 5191 828 5258 in
843 5186 994 5258 Daniele
1008 5191 1122 5260 multa
1277 5179 1369 5249 ‘³0⁰²’
1386 5192 1508 5262 ⁰⁹²⁰&
1522 5181 1612 5236 ''⁰⁶5‘’
1622 5183 1759 5238 ⁷⁷²⁰d⁰¹¹i
1766 5187 1935 5264 arationem
1960 5191 2176 5248 sonantur.

1278 5267 1370 5302 mense
1390 5247 1494 5302 Martio
1516 5253 1547 5320 (a.
1567 5249 1598 5319 l.)
1622 5249 1672 5306 tot.
1691 5281 1724 5294 -·
1768 5253 1814 5307 het
1837 5256 1901 5312 baec
1921 5258 2059 5328 posterior
2077 5261 2180 5326 editio;

127 5289 313 5378 historica,
346 5316 437 5385 quae
459 5307 552 5364 certe
575 5292 765 5386 requirunt
785 5292 1023 5382 interpretem.
1073 5287 1123 5362 Et
1275 5318 1354 5439 ffitoo
1382 5319 1455 5380 ootoo
1480 5319 1582 5389 proteu
1606 5322 1757 5375 ooooootom
1784 5323 1866 5395 Myttt
1891 5326 2052 5400 chronolog.
2077 5331 2175 5386 ttaooo.

125 5395 163 5466 in
178 5393 237 5468 hu
250 5394 407 5466 arbam
421 5407 579 5464 nomm
594 5393 941 5466 lmbrafiwcuqam
957 5393 1121 5486 prosum,
1273 5385 1409 5508 Telantb.
1428 5407 1501 5469 auno
1523 5387 1600 5444 1548.
1622 5397 1651 5473 3¹
1674 5389 1806 5462 praelatio
1827 5393 1979 5450 Bibliandri
2003 5395 2064 5452 data
2076 5410 2128 5483 ‘est
2146 5419 2177 5456 er

1300 5475 1378 5538 nqueo
1392 5457 1450 5511 ΧΧ.
1465 5456 1507 5511 dte
1520 5457 1639 5513 lauuaru
1653 5477 1726 5516 auno
1740 5457 1896 5520 Muxbttt.
1914 5495 1950 5508 -
1984 5464 2174 5544 Dusrtpsrter

125 5522 198 5570 ram
216 5496 429 5570 iuvenibus:
462 5493 535 5568 Sed
558 5495 735 5592 quidquid
758 5512 810 5571 est
830 5519 979 5592 operae,
1004 5507 1119 5567 totum
1273 5523 1338 5582 ,aa
1352 5523 1428 5582 1550.
