4776 6260
327 308 403 390 568
897 307 1360 436 urtsronattmtt
1401 311 1512 393 LIB.
1547 311 1611 390 IX.
1664 313 1798 394 sats.
2248 327 2298 407 aaa

330 504 366 561 et
391 487 602 560 concordiae
627 485 860 561 conservatio.
928 485 1040 562 Utin
1069 490 1149 560 foro
1175 487 1325 559 utilissi-
1374 487 1544 582 quamsit
1562 488 1759 560 taediosum
1773 490 1909 562 versari
1927 491 2024 565 inter
2036 515 2153 585 pueros
2165 508 2210 566 tot
2220 491 2298 586 boras,

331 616 431 664 mum
457 604 508 662 est
530 603 566 661 et
587 589 683 661 veris
703 591 812 662 rebus
833 605 868 664 et
882 591 1001 662 verbis
1016 615 1211 683 congruere
1226 590 1326 662 iudi·
1373 605 1511 672 tamen,
1549 605 1590 662 nt
1621 591 1740 673 vides,
1781 587 1902 665 schola
1934 596 2082 692 requirit
2111 595 2298 672 assiduitatem,

333 719 408 781 ces,
433 691 489 764 ita'
502 694 659 785 prolecto
683 693 723 762 in
734 691 903 766 Ecclesia
924 695 1077 766 salutare
1099 709 1151 766 est
1171 708 1206 766 et
1221 693 1324 764 dulce
1372 689 1445 762 Nec
1460 708 1562 785 putes
1576 715 1644 764 nos
1665 694 1840 766 feliciores
1854 717 1939 768 esse.
1988 695 2065 788 Ego
2081 722 2165 769 nnus
2178 715 2299 792 matun

331 797 371 866 in
387 796 555 866 docendis
570 795 664 867 veris
685 797 792 868 rebus
808 797 915 867 etiam
930 796 1202 868 similitudinem
1218 821 1326 887 expo·
1373 795 1531 866 sustineo
1547 796 1738 867 laborum?
1788 796 1854 869 Sin
1870 813 1989 870 autem
2007 825 2054 870 ne
2072 801 2299 895 illaquidenol·
2338 789 2339 848 l

331 898 471 970 sitionis
485 923 709 970 communem
727 899 953 972 mediocriter
967 900 1132 974 retinere.
1170 898 1327 968 Facilius
1371 893 1532 990 κονομία
1553 922 1593 969 ac
1616 899 1822 973 distributio
1846 925 2035 993 operarum
2056 903 2208 996 placebit,
2232 928 2298 997 man

332 1001 427 1071 enim
452 1003 593 1091 agnosci
615 1023 672 1071 res
688 1015 857 1094 poterunt
873 1002 1012 1074 usitatis
1028 1015 1062 1072 et
1075 1001 1230 1096 propriis
1246 1025 1325 1070 ver·
1373 1023 1470 1070 nunc
1492 1001 1575 1071 misi
1595 1001 1705 1088 istuc,
1738 1025 1776 1072 re
1799 1004 1992 1077 deliberata
2015 1029 2092 1076 cum
2113 1005 2199 1091 aliis,
2226 1001 2299 1074 habeo
2338 1049 2339 1096 ,

330 1104 388 1174 bis
407 1104 578 1189 traditae,
609 1128 716 1198 vam
742 1103 773 1172 si
795 1104 899 1174 novis
922 1105 1044 1195 figuris
1070 1121 1105 1177 et
1129 1100 1326 1174 involucris
1373 1102 1443 1172 iam
1477 1105 1670 1174 admodum
1712 1109 1937 1176 commodem
1973 1108 2197 1179 conditionem
2225 1107 2299 1179 alian
2338 1111 2339 1128 ¹

331 1219 513 1298 tegantur,
531 1220 592 1277 aut
607 1206 810 1298 prodigiose
824 1207 1050 1284 misceantur.
1074 1205 1124 1277 Et
1133 1230 1233 1298 saepe
1242 1218 1326 1276 sunt
1372 1203 1550 1300 Syndicus
1570 1202 1820 1278 Northusanus
1844 1209 1983 1302 quaerit
2008 1211 2081 1281 filio
2109 1211 2300 1302 paedagogum.

331 1311 484 1379 insidiae
508 1308 547 1377 in
568 1307 640 1378 illis
663 1309 878 1395 involucris,
909 1323 952 1380 ut
974 1311 1069 1402 apud
1090 1310 1208 1378 vafros
1226 1303 1326 1378 Ana·
1373 1305 1407 1376 Is
1421 1309 1519 1378 domi
1534 1309 1645 1400 ipsius
1662 1309 1821 1381 victurus
1833 1325 1940 1400 esset,
1959 1327 1994 1383 et
2008 1309 2184 1384 habiturus
2194 1334 2300 1380 menan

331 1413 517 1504 baptistas:
550 1425 713 1482 econtra
737 1413 962 1483 verissimum
990 1425 1042 1483 est
1061 1411 1154 1481 illud
1177 1409 1325 1502 Euripi·
1373 1423 1406 1480 et
1429 1413 1638 1482 mercedem.
1694 1410 1819 1484 Posset
1839 1427 1874 1484 et
1897 1416 2045 1487 inludo
2069 1415 2198 1509 publico
2211 1411 2300 1505 aliquid

333 1515 405 1586 dis:
435 1508 574 1587 ἐσθλὸν
587 1508 630 1586 τὸ
645 1508 772 1610 σαφὲς.
1372 1515 1593 1603 praelegere,
1618 1539 1690 1609 quo
1712 1514 1826 1587 lilium
1849 1518 2064 1590 deducturus
2083 1530 2142 1592 est.
2186 1513 2244 1586 Sed
2258 1515 2301 1582 lor·

433 1613 525 1687 Cum
546 1630 664 1687 autem
683 1619 855 1707 scriptum
873 1614 936 1696 sit,
961 1613 1095 1700 Filium
1110 1612 1177 1685 Dei
1198 1637 1320 1685 ascen·
1372 1615 1473 1686 cassis
1490 1617 1553 1687 illa
1567 1617 1719 1690 servitus
1732 1613 1840 1690 habet
1852 1619 1989 1716 aliquid
2005 1617 2223 1704 incommodi,
2242 1613 2300 1710 qnod

332 1720 441 1805 disse,
472 1733 516 1790 ut
536 1721 632 1789 dona
656 1720 716 1789 det
738 1715 932 1803 Ecclesiae,
967 1717 1132 1787 videlicet
1152 1715 1324 1789 Doctores
1371 1718 1410 1786 in
1432 1719 1548 1789 aliena
1569 1720 1705 1790 familia
1728 1721 1930 1812 degendum
1960 1738 2059 1798 esset.
2115 1719 2202 1792 Duxi
2225 1733 2300 1788 unu

330 1823 496 1907 idoneos,
525 1845 571 1892 ne
596 1821 905 1904 circumferamur,
936 1832 979 1891 ut
999 1818 1131 1890 Paulus
1153 1820 1324 1914 loquitur,
1371 1816 1463 1890 hanc
1486 1846 1562 1892 rem
1594 1821 1662 1893 tibi
1689 1823 1956 1915 significandam
1986 1851 2077 1910 esse,
2111 1824 2141 1894 si
2166 1820 2301 1892 anteferas

330 1926 439 1995 variis
452 1923 636 1994 doctrinae
652 1922 787 2008 ventis,
813 1946 877 1992 oro
893 1935 969 1993 toto
982 1935 1142 2014 pectore,
1167 1938 1208 1993 ut
1229 1923 1322 1994 exci—
1369 1923 1516 1993 fortasse
1539 1927 1717 2016 praesenti
1740 1927 1950 2003 conditioni.
1983 1928 2099 2000 -Bene
2116 1925 2202 2008 vale,
2223 1935 2248 1990 et
2262 1941 2300 2010 pu·

328 2041 378 2099 tet
390 2027 561 2096 salutares
574 2026 754 2110 doctores,
779 2038 815 2095 et
835 2025 952 2095 studia
978 2025 1173 2097 iuventutis
1189 2026 1323 2121 ubique
1370 2039 1421 2096 tes
1435 2041 1571 2118 partem
1593 2051 1667 2099 esse
1683 2023 1915 2102 humanitatis
1928 2054 2003 2102 non
2020 2049 2204 2125 repugnare
2216 2022 2301 2096 duum

329 2141 428 2219 regat
450 2143 485 2200 et
506 2128 690 2213 defendat,
722 2151 787 2197 nec
814 2126 908 2198 sinat
931 2141 993 2199 aut
1015 2126 1177 2218 Turricis
1203 2129 1323 2212 armis,
1369 2129 1555 2202 voluntati.

328 2245 389 2303 aut
403 2229 582 2302 intestinis
596 2229 809 2300 tumultibus
824 2229 935 2300 deleri
950 2227 1143 2317 Ecclesias,
1169 2230 1322 2302 interfici
2113 2227 2275 2323 Philippus.

326 2335 407 2427 pios
428 2335 644 2418 sacerdotes,
679 2347 713 2406 et
736 2332 901 2422 dissipari
922 2327 1080 2416 scholas,
1115 2347 1177 2404 aut
1200 2347 1321 2404 nostra
1935 2354 1938 2360 ·

326 2436 468 2528 ignavia
485 2435 641 2524 extingui
657 2431 845 2525 Evangelii
867 2435 1003 2510 lumen.
1052 2433 1097 2504 ln
1120 2436 1227 2506 tantis
1251 2436 1321 2504 im-

325 2540 508 2634 periorum
531 2538 646 2610 ruinis
667 2537 743 2630 ipsa
764 2538 1005 2630 periculorum
1023 2537 1135 2607 moles
1155 2538 1321 2624 ostendit,

325 2638 492 2714 humanis
507 2639 666 2712 consiliis
682 2655 742 2712 aut
760 2640 944 2733 praesidiis
956 2637 1229 2711 EcclesiamDei
1244 2665 1320 2710 non
1367 2606 1565 2736 Q·
2185 2616 2297 2732 ,Μ

327 2745 477 2832 servari,
503 2746 564 2814 sed
581 2745 770 2835 petendam
786 2758 822 2814 et
834 2743 1087 2836 expectandam
1109 2764 1183 2814 esse
1209 2741 1319 2814 aDeo

325 2859 468 2920 aeterno
493 2845 752 2932 defensionem,
784 2846 1018 2941 quiquidem
1046 2845 1254 2937 pollicetur,
1282 2871 1319 2918 se
1741 2813 1985 2928 staefittt'o.

292 2962 296 2973 ‘
326 2951 434 3022 etiam
450 2963 688 3021 senescentem
703 2945 898 3020 Ecclesiam
921 2960 1143 3018 servaturum
1165 2972 1254 3036 esse,
1279 2964 1320 3021 ut
1436 2977 1473 3031 Ex
1491 2953 2013 3050 pau,M01‚00„,;1;;„,d,',p,„1‚
2053 2993 2072 3039 2,
2087 2983 2107 3037 ι,
2126 2999 2153 3052 p.
2165 2977 2223 3044 ⁵79,
2236 2971 2298 3028 usta·

324 3051 450 3126 Esaiae
465 3049 527 3127 46.
553 3052 700 3124 dicitur:
752 3049 827 3140 Qui
846 3048 1034 3141 gestamini
1057 3051 1098 3120 in
1121 3075 1201 3122 meo
1225 3054 1319 3137 alvo,
1467 3047 1611 3104 sentitur.
1636 3049 1736 3104 Vm·
1748 3050 1818 3107 Phil.
1830 3051 1896 3109 M‘l
1911 3051 2022 3136 precari
2033 3004 2129 3110 libello
2141 3048 2233 3106 ΝΜ
2244 3049 2299 3132 epu

1467 3116 1603 3186 Tuccam,
1624 3136 1698 3174 anno
1712 3120 1788 3178 1544.
1823 3121 1871 3176 Eat
1885 3141 2067 3193 praemissum
2082 3123 2135 3176 boc
2148 3133 2241 3174 armen
2250 3110 2299 3164 aaa.

325 3181 439 3252 usque
453 3157 499 3226 ad
516 3166 708 3239 seneclam,
728 3153 767 3223 id
791 3165 860 3234 esi,
887 3168 1183 3225 ⁸⁰¹¹⁸⁵⁰⁰¹¹te⁸v⁰⁸
1205 3169 1319 3246 gesta·
1469 3185 1683 3260 Hodoeporicon
1704 3188 1808 3244 itineris
1817 3189 2118 3264 constantinopolitani
2133 3195 2230 3243 auctore
2240 3176 2300 3233 tate

324 3256 384 3339 bo.
435 3255 513 3349 Ego
535 3257 623 3342 feci,
646 3279 710 3346 ego
736 3256 879 3347 gestabo
903 3270 937 3326 et
959 3255 1102 3327 salvabo
1125 3281 1200 3330 vos.
1251 3256 1318 3328 His
1466 3257 1585 3324 bisalos
1601 3257 1765 3330 eumeriu-
1780 3257 1910 3316 Melania
1926 3259 2039 3318 wios.
2053 3259 2129 3317 1⁵⁴4·
2145 3256 2170 3312 ⁴·
2186 3251 2252 3324 sapt.

324 3362 456 3432 divinis
472 3359 768 3452 promissionibus
791 3358 990 3430 continuati
1011 3383 1086 3430 non
1110 3359 1319 3430 abiiciamus
1931 3417 1939 3436 .

325 3466 441 3537 studia
465 3465 651 3535 literarum
672 3458 851 3532 Ecclesiae
873 3463 1088 3546 necessaria,
1113 3463 1174 3532 sed
1201 3487 1319 3555 spere·
1734 3411 1996 3520 (prusam)

323 3591 420 3652 mus,
447 3581 481 3638 et
502 3587 707 3636 mansuram
728 3586 802 3634 esse
817 3557 1033 3649 Ecclesiam,
1062 3577 1096 3634 et
1117 3587 1191 3634 non
1216 3566 1319 3636 defu·
1365 3531 1473 3622 Haec
1487 3551 1692 3647 quicussqtl?
1707 3553 1820 3644 1⁰80&
1845 3555 1876 3625 δί
1890 3547 2028 3627 Christi
2044 3577 2173 3626 nomen
2185 3549 2284 3623 admi

323 3686 402 3743 tura
417 3670 450 3738 ei
463 3670 503 3738 in
519 3667 699 3762 aliquibus
710 3665 847 3758 politiis
860 3659 1026 3759 hospitia,
1046 3680 1081 3738 et
1093 3665 1233 3738 labores
1251 3693 1318 3738 no·
1415 3653 1463 3726 El
1479 3655 1577 3726 coelo
1593 3657 1702 3726 sentis
1715 3655 1810 3727 iussa
1824 3655 1947 3729 tulisse
1962 3655 2051 3747 Del,

324 3787 415 3846 stros
436 3768 636 3865 posteritati
662 3769 881 3860 profuturos.
940 3767 1050 3858 Quod
1074 3771 1181 3842 faciat
1203 3769 1318 3842 Filius
1365 3756 1521 3864 ΒΘΡῙΟΜ
1537 3758 1677 3828 avulffl
1692 3783 1712 3828 ἃ
1725 3754 1861 3831 Christi
1876 3761 2024 3832 nomine
2039 3776 2164 3846 terras,

322 3872 409 3962 Dei,
433 3888 592 3946 senator
603 3885 638 3942 et
653 3883 771 3942 curtos
785 3869 951 3943 genlaing
967 3895 1061 3947 suae,
1416 3859 1546 3929 Vivere
1562 3874 1615 3931 tot
1627 3874 1748 3950 gentes
1762 3875 1798 3933 et
1812 3863 1890 3934 sine
1905 3864 1985 3936 luce
2000 3861 2086 3938 Dei:

1366 3957 1606 4057 Arbitriisque
1621 3965 1697 4055 regi
1713 3965 1829 4050 saevi,
1854 3965 1932 4037 sine
1944 3965 2043 4055 iure,
2070 3961 2220 4064 tyranni,

341 4147 345 4154 ,
1416 4063 1571 4137 Cunctas
1583 4089 1771 4137 aerumnas
1786 4067 2009 4165 servitiisque
2024 4070 2111 4164 pati.

320 4193 387 4265 No.
404 4190 516 4265 5104.
1137 4198 1216 4280 (fere
1232 4201 1318 4284 gg)
1364 4163 1553 4243 abstrahit
1569 4163 1617 4237 ‘ab
1635 4169 1736 4238 miles
1752 4171 1890 4264 quoties
1906 4195 1926 4242 a
1943 4186 2056 4245 matre
2070 4168 2232 4264 puellam,

325 4289 498 4322 Μ
1146 4293 1313 4320 w*-
1414 4267 1464 4342 Et
1478 4270 1644 4341 miseram
1657 4271 1782 4363 procul
1798 4273 1835 4341 in
1853 4271 1980 4367 Caspia
1994 4297 2105 4367 regna
2119 4265 2232 4343 vehit?

516 4358 779 4446 Sebastiam>
815 4357 1086 4477 (Birnstiel?
1094 4361 1127 4480 ).
1366 4369 1422 4446 Ah
1440 4375 1577 4468 quoties
1592 4374 1706 4466 patria
1722 4374 1906 4465 pelluntur
1918 4380 2000 4448 sede
2019 4375 2153 4460 coloni,

423 4509 447 4578 a,
465 4507 502 4560 a,
515 4525 608 4580 etw-
621 4503 650 4560 a„
667 4504 737 4562 cod.
752 4505 837 4560 Pars..
853 4477 891 4564 θ’,
903 4505 933 4564 1„
948 4507 1007 4562 ⁵4³.
1413 4473 1463 4548 Et
1477 4499 1564 4566 vaga
1578 4501 1660 4548 curn
1678 4476 1771 4547 natis
1786 4478 1905 4551 exulat
1917 4480 1990 4573 ipsa
2007 4477 2159 4572 parcns?

318 4631 363 4707 St
391 4629 434 4704 d.
537 4631 545 4649 .
645 4629 651 4649 .
683 4628 715 4702 S
746 4630 768 4702 b
868 4632 876 4650 .
1077 4601 1103 4651 .“
1174 4634 1182 4652 .
1268 4633 1289 4676 „
1363 4579 1414 4654 Ut
1428 4592 1512 4650 sunt
1524 4580 1672 4670 grassati
1687 4577 1807 4651 Sicula
1821 4577 1993 4677 Cyclopes
2005 4582 2045 4651 in
2059 4607 2140 4666 ora,

365 4661 388 4706 υ
418 4658 496 4706 ⁸⁰⁸⁰
529 4655 648 4703 ’ΜΝ
680 4733 687 4750 .
720 4655 737 4701 ²
778 4641 973 4704 amm
1002 4629 1247 4755 (Blmsiffl)
1288 4641 1316 4738 l’
1415 4679 1507 4771 Quis
1523 4683 1655 4753 laniata
1670 4677 1859 4754 hominum
1875 4688 2034 4758 membra
2047 4685 2144 4756 suere
2159 4681 2259 4766 daps

443 4731 684 4832 gubernatori
709 4729 860 4806 scholae
885 4733 1184 4834 Hecabergensrs.

1361 4783 1421 4857 Sic
1438 4785 1545 4854 modo
1563 4784 1743 4855 saevitiam
1758 4799 1833 4858 toto
1855 4810 1941 4878 gens
1957 4787 2110 4860 Turcica
2125 4785 2164 4854 in
2176 4777 2261 4852 orbes

316 4850 361 4948 S.
382 4871 427 4944 D.
476 4869 618 4944 Nollem
633 4888 668 4945 te
692 4873 797 4944 initio
820 4875 1063 4945 contumaciae
1086 4875 1313 4965 significatio-
1410 4883 1561 4957 Exercet
1574 4883 1750 4982 Scythicis
1768 4889 1915 4980 rupibus
1936 4905 2015 4962 orta
2028 4913 2139 4964 suam.

315 5001 399 5048 nem
420 4975 557 5048 civibus
578 4974 650 5049 tuis
679 4975 927 5084 praetexuisse.
987 4973 1067 5050 Etsi
1099 4978 1197 5048 enim
1227 4981 1312 5062 scio,
1360 4987 1401 5061 Si
1418 5014 1491 5059 non
1508 4991 1668 5062 afficiunt
1680 4987 1821 5082 Regum
1836 4993 1928 5064 mala
1945 4995 2238 5086 publicamentes,

1372 5131 1374 5138 ,
1413 5091 1491 5184 lpse
1508 5107 1627 5164 tamen
1642 5108 1763 5184 tangat
1777 5109 1919 5186 pectora
1936 5108 2056 5167 nostra
2073 5091 2181 5164 dolor.

1360 5193 1434 5266 Nos
1449 5196 1563 5267 animi
1581 5219 1709 5287 magno
1725 5196 1896 5268 faciamus
1913 5212 1995 5270 vota
2012 5198 2150 5278 dolore,

349 5309 381 5381 *)
398 5311 428 5366 Si
441 5311 602 5366 Sebastiano
617 5307 728 5362 Birnatil
748 5307 850 5380 scripta
869 5319 909 5365 est
927 5311 1058 5383 epistola,
1076 5316 1149 5380 (nam
1172 5315 1202 5369 in
1217 5317 1313 5373 codice
1410 5295 1574 5391 Depelldl
1591 5323 1697 5369 verus
1712 5297 1864 5370 TurClffl
1880 5316 1920 5373 Ui
1936 5325 2032 5371 arma
2048 5297 2160 5378 Densi

382 5376 1314 5523 aas:alzaatalaaaaae:cessantia
1359 5393 2219 5492 termiminosd0c1r÷=1ae1umen1n0r¹2⁶·
2338 5469 2339 5476 ψ

382 5521 459 5575 1545.
1411 5499 1568 5593 Agnosci
1586 5529 1655 5598 qua
1672 5504 1790 5580 serite
1806 5507 1947 5602 colique
1962 5508 2071 5581 iubet.

311 5188 539 5202 *tun—u·—
