4842 6256
856 272 1289 374 urrsror'anuu

389 467 603 565 Dionysius
624 471 853 542 concionator
885 473 986 544 aulae
1018 469 1204 542 Hcssiacae
1237 471 1281 540 de

289 573 515 645 Samaritano
543 573 674 644 dicitur
701 573 837 664 egregie
861 573 1110 656 concionatos,
1150 572 1282 642 descri-

289 679 379 746 bens
401 677 636 768 neglectiones
650 673 828 748 Ecclesiae
849 677 1024 746 sauciatae
1044 688 1078 744 et
1101 675 1280 752 laceratae,

289 803 330 848 ac
347 801 418 848 una
434 801 514 848 cum
529 779 662 849 nostris
676 767 1282 872 auditores-lueruntMorchioAl·

295 877 436 962 bulas,
463 892 497 949 et
512 877 593 950 Dux
610 876 639 950 I
638 875 848 952 uliacensis.

287 301 368 376 889

390 974 618 1052 Franciscus
637 978 718 1052 beri
740 1005 881 1076 quoque
903 979 1063 1071 scripsit,
1090 1001 1186 1070 spem
1208 1001 1280 1048 esse

1345 296 1454 374 Llss.
1487 295 1552 373 IX.
1607 294 1740 375 1644.

1331 467 1525 593 Q.

2161 473 2326 549 aomina.

2173 570 2312 600 Μ

1586 667 2063 782 AmfflfflQO

1399 823 1483 898 upra.
1497 826 1530 880 ..1
1546 827 1730 901 naaman,
1743 848 1785 903 ep.
1799 829 1844 887 as.

1476 977 1533 1053 D.
1555 976 1754 1056 Alberto
1775 976 2168 1080 Hordebergio.⁸)

290 1083 386 1173 1²2¹ssis
410 1082 588 1168 Dffllffles
622 1086 684 1155 “d
709 1108 765 1152 ¹¹¹⁶
793 1096 929 1154 lemni
955 1081 1135 1174 Ps⁰digl³’
1175 1081 1280 1150 audi⁰
1329 1106 1374 1196 S.
1401 1127 1447 1203 D.
1497 1125 1553 1202 Ex
1574 1133 1647 1203 tuis
1672 1133 1783 1204 literis
1806 1133 1964 1206 intellexi
1979 1129 2253 1205 Medmnnnum
2280 1137 2328 1206 ad

290 1187 448 1278 pluvisse
462 1188 669 1278 sanguinem
685 1187 725 1257 in
740 1184 914 1256 Holsatia.

856 1348 1045 1442 Philippus
1058 1341 1234 1418 Melanth.

661 2015 699 2103 Ι.
727 2013 917 2099 Boeotio.

363 2197 382 2262 †
403 2192 440 2244 Er
454 2210 548 2264 apogr.
571 2191 599 2245 in
613 2192 676 2245 cod.
689 2189 774 2244 Paris.
792 2193 828 2244 D.
843 2190 877 2245 L.
890 2189 954 2242 54³.
1060 2249 1068 2260 ἱ

294 2348 521 2427 Clarissimo
552 2349 647 2436 viro,
682 2343 886 2419 eruditione
906 2356 937 2416 et
961 2341 1157 2442 θεοσεβείᾳ
1177 2365 1285 2441 proe-

377 2452 499 2529 slonli
517 2447 981 2532 D.Ioonni¹Brentio,
1008 2447 1210 2558 amicopoo

294 2589 342 2682 S.
363 2608 407 2684 D.
458 2604 674 2681 Charissime
691 2603 853 2678 loannes.
896 2601 999 2674 Bono
1017 2603 1134 2674 studio
1149 2616 1185 2674 et
1199 2627 1285 2672 con-

295 2713 375 2785 silio
392 2711 529 2783 civitati
544 2703 795 2803 Norlr'ngensi
805 2719 978 2800 pastorem
993 2703 1170 2776 Ecclesiae
1184 2705 1284 2774 misi-

294 2810 420 2910 mus*)
433 2837 508 2884 non
523 2813 687 2882 iuvenem
700 2811 762 2882 sed
779 2809 897 2879 virum
912 2807 982 2877 iam
999 2821 1085 2878 natu
1105 2809 1285 2900 grandem,
1320 2836 1328 2846 ·

295 2917 359 3014 qui
382 2931 417 2988 te
442 2930 477 2986 et
500 2939 558 2985 me
571 2915 699 3000 anteit,
724 2928 759 2982 et
775 2911 905 2983 multas
919 2907 1093 2981 Ecclesias
1106 2909 1217 2995 rexit,
1251 2923 1287 2980 et

202 3033 214 3044 “
296 3019 497 3091 eruditione
520 3017 698 3110 praeclare
724 3014 907 3104 institutus
935 3026 1004 3098 est;
1038 3015 1099 3082 sed
1128 3011 1286 3083 fortassis

294 3120 402 3216 paulo
418 3133 470 3190 cst
486 3116 702 3189 iracundior.
742 3115 849 3186 Hunc
866 3129 903 3211 te
917 3115 1103 3208 complecti
1119 3128 1151 3186 et
1167 3132 1286 3204 regere

294 3225 413 3296 velim.
465 3219 538 3293 Nec
554 3221 649 3292 dicas
663 3215 770 3303 mihi,
787 3218 883 3289 nolle
898 3230 931 3287 te
945 3217 984 3286 in
999 3218 1113 3287 aliena
1128 3215 1286 3310 republi-

296 3352 335 3398 ca
352 3324 692 3423 πολυπραγμονεῖν.
722 3319 822 3392 ·Etsi
839 3335 891 3390 est
906 3319 980 3390 eius
997 3322 1049 3390 rei
1069 3321 1208 3405 modus,
1232 3333 1286 3390 ta-

296 3454 379 3500 men
400 3429 559 3521 profecto
583 3447 683 3517 saepe
700 3447 765 3494 nos
782 3423 896 3494 aliena
913 3423 1096 3517 inquirere
1113 3435 1147 3493 et
1162 3444 1286 3491 curare

296 3545 453 3624 oportet,
479 3530 543 3599 etsi
559 3523 652 3596 nihil
668 3541 719 3599 est
736 3551 755 3594 a
771 3527 838 3620 piis
852 3527 1018 3609 alienum,
1044 3527 1140 3618 qnod
1155 3525 1200 3593 ad
1215 3519 1285 3592 Ec·

285 3635 420 3712 ¹clesiae
437 3630 663 3702 concordiam
684 3629 772 3700 utile
788 3620 917 3722 cst'*).
972 3626 1037 3696 llle
1051 3649 1213 3696 morosus
1231 3649 1286 3694 se-

296 3761 364 3806 nex
378 3759 440 3805 seu
455 3733 566 3804 tristis
582 3731 702 3824 potius
717 3733 812 3823 apud
822 3728 1033 3801 Terentium
1045 3730 1207 3810 miratur,
1224 3750 1287 3796 cur

294 3839 435 3908 vicinus
458 3839 502 3907 de
523 3859 710 3926 operarum
726 3832 930 3903 assiduitate
943 3833 1152 3922 interroget:
1177 3829 1286 3902 'Tan-

297 3956 420 4013 tumne
443 3963 461 4009 a
487 3963 526 4009 re
547 3951 606 4008 tua
629 3936 699 4005 ocii
721 3935 877 4007 esttibi?
924 3933 1036 4004 Nobis
1052 3947 1145 4004 certe
1159 3956 1286 4024 parum

297 4057 349 4113 est
365 4042 454 4126 ocii,
486 4043 546 4110 sed
572 4034 943 4109 tamenEcclesiamm
966 4059 1050 4106 cura
1070 4035 1286 4106 adiiciamus.

296 4141 351 4215 Ac
373 4144 488 4214 multo
512 4143 689 4230 graviores
718 4153 753 4210 et
775 4139 940 4208 iustiores
969 4161 1090 4208 causas
1116 4132 1288 4207 habemus

196 4279 203 4294 .
297 4270 404 4342 quam
429 4245 490 4314 ille
515 4267 620 4312 senex
637 4240 877 4312 Terentianus
900 4240 940 4308 in
964 4264 1019 4309 res
1034 4239 1145 4310 vicini
1166 4238 1287 4332 inqui-

297 4372 390 4421 rens.
452 4341 612 4416 Obsecro
633 4357 689 4423 te,
730 4344 960 4434 complectere
983 4341 1100 4413 virum
1123 4342 1227 4410 illum
1254 4353 1288 4410 et

247 4453 252 4466 '
296 4451 439 4524 adiuva.
497 4446 570 4518 Nec
591 4442 711 4517 lethro
731 4445 909 4516 dubitavit
924 4443 1043 4540 Moysi
1064 4445 1148 4514 dare
1169 4467 1287 4514 consr-

296 4555 397 4626 lium.
449 4549 520 4622 Sed
537 4550 603 4619 scis
623 4549 854 4644 quammulta
879 4548 923 4617 de
950 4542 1057 4617 huius
1072 4545 1289 4618 olliciicom-
1339 4599 1349 4616 .

297 4655 537 4726 municatione
568 4653 639 4723 dici
667 4651 812 4742 possint.
869 4647 968 4719 Bene
991 4650 1079 4721 vale.
1135 4645 1202 4718 Die
1228 4643 1288 4722 25.

298 4756 444 4842 Martii,
470 4781 541 4850 quo
567 4768 648 4825 ante
671 4777 785 4824 annos
799 4747 899 4826 5504
916 4747 1031 4822 Adam
1048 4751 1212 4821 conditus
1227 4763 1289 4833 est,
1367 4802 1375 4818 .

298 4873 381 4930 ante
396 4883 509 4933 annos
524 4881 608 4928 vero
629 4855 725 4930 1511
746 4850 908 4928 Christus
925 4853 1110 4924 crucifixus
1127 4867 1189 4924 est.

1257 4237 1266 4255 .
1337 4203 1514 4269 vestrum,

1332 1235 1579 1302 accersendum
1604 1232 1649 1306 D.
1663 1231 1851 1305 Bocerom
1875 1261 1915 1318 eo
1936 1236 2013 1328 ipso
2029 1251 2186 1330 tempore
2203 1240 2327 1331 prole-

1333 1346 1428 1402 ctum
1444 1334 1570 1421 luisse,
1595 1361 1666 1430 quo
1680 1338 1885 1408 tabellarius
1900 1352 2021 1409 noster
2034 1338 2138 1430 Spira
2154 1339 2327 1410 discesse-

1333 1449 1399 1509 rat.
1456 1434 1542 1521 His,
1574 1438 1603 1506 si
1626 1438 1697 1508 iam
1719 1441 1814 1533 apud
1836 1463 1901 1510 vos
1922 1454 2026 1526 sunt,
2050 1435 2214 1514 hortator
2236 1456 2326 1528 esto,

1333 1549 1376 1607 ut
1397 1533 1486 1607 mihi
1511 1539 1647 1634 aliquid
1673 1543 1716 1611 de
1742 1542 1931 1633 praecipua
1947 1557 2144 1614 conventus
2161 1541 2326 1614 Historia

1334 1641 1477 1708 nonde
1499 1642 1654 1732 parergis
1684 1643 1893 1732 significent.
1960 1643 2031 1714 Hic
2057 1641 2126 1713 Dei
2151 1645 2326 1716 beneficio

1334 1741 1573 1833 tranquillitas
1589 1757 1650 1817 est.
1700 1743 1804 1815 Nunc
1818 1759 1933 1815 autem
1950 1767 2024 1815 non
2041 1769 2081 1814 eo
2096 1758 2235 1816 tantum
2258 1747 2326 1816 tibi

1334 1843 1562 1912 scribendum
1586 1867 1659 1914 esse
1686 1845 1791 1931 duxi,
1828 1861 1869 1917 ut
1893 1840 1989 1916 bunc
2013 1835 2326 1944 Chrisloplaorom

1334 1944 1530 2014 auditorem
1547 1959 1581 2015 et
1597 1944 1748 2014 amicum
1763 1961 1924 2016 nostrum
1947 1948 2013 2018 tibi
2028 1951 2328 2036 commendarem,

1335 2046 1396 2138 qui
1424 2055 1562 2116 tantum
1585 2047 1731 2116 videndi
1761 2064 1958 2120 conventus
1988 2073 2094 2120 cansa
2122 2051 2213 2122 istuc
2239 2075 2326 2144 pro·

1334 2147 1521 2232 ficiscitur,
1553 2150 1615 2218 sed
1645 2149 1748 2220 etiam
1782 2149 1865 2244 quia
1893 2164 1971 2242 post
1999 2165 2102 2224 tuum
2130 2152 2326 2226 discessum

1335 2243 1393 2317 bic
1408 2251 1535 2340 legatio
1548 2245 1802 2345 Brunswigoe
1820 2251 1972 2323 civitatis
1991 2253 2078 2334 suit,
2104 2254 2149 2324 de
2171 2279 2245 2348 qua
2268 2279 2327 2326 er·

1334 2354 1499 2440 ponenda
1515 2354 1687 2446 quaedam
1704 2353 1772 2424 tibi
1786 2376 1859 2422 esse
1875 2355 1987 2440 duco,
2010 2379 2101 2450 quae
2117 2357 2163 2426 ad
2186 2370 2220 2426 te
2242 2383 2326 2448 per·

1333 2451 1459 2526 tinent.
1517 2453 1613 2525 Petit
1636 2477 1676 2524 ea
1698 2455 1819 2524 civitas
1842 2455 1993 2526 indicari
2018 2457 2087 2526 sibi
2103 2458 2223 2530 virum
2247 2459 2327 2529 ido-

1335 2577 1463 2640 neum,
1496 2558 1552 2626 cui
1576 2558 1720 2626 tradant
1741 2581 1915 2626 summam
1934 2555 2175 2629 Ecclesiamm
2195 2561 2329 2649 guber-

1334 2658 1513 2726 nationem
1529 2652 1594 2730 xoi
1608 2652 1820 2752 ἐπισκοπήν.
1871 2656 2124 2746 Quaesivimus
2136 2661 2272 2732 multos
2295 2677 2334 2734 et

1335 2756 1374 2826 iu
1389 2756 1444 2829 bis
1461 2760 1514 2830 toi
1528 2761 1747 2833 mentionem
1765 2761 1923 2834 lecimus.
1972 2759 2113 2852 Legatis
2135 2765 2330 2836 consilium

1334 2875 1495 2931 nostrum
1509 2864 1552 2932 de
1572 2877 1606 2933 te
1626 2863 1860 2955 praeficiendo
1884 2863 1957 2932 suis
1970 2851 2140 2934 Ecclesiis
2152 2866 2332 2956 placebat.

1335 2961 1405 3034 Sed
1420 2965 1464 3034 de
1479 2963 1599 3052 lingua
1616 2965 1844 3048 dubitabant,
1860 2989 1968 3057 quam
1983 2967 2142 3036 dicebam
2156 2972 2332 3040 emenda-

1334 3079 1406 3136 tam
1423 3089 1496 3136 esse
1512 3059 1733 3154 Mogontiae.
1782 3063 1861 3136 Etsi
1886 3067 1995 3155 igitur
2018 3070 2217 3140 te'absente
2232 3067 2332 3142 nihil
2419 3125 2420 3128 ,

1336 3168 1502 3240 constitui
1524 3168 1660 3258 potuit,
1684 3183 1718 3239 et
1741 3192 1806 3238 nos
1829 3169 2090 3255 nesciebamus,
2114 3195 2161 3239 an
2187 3185 2221 3242 te
2245 3176 2335 3244 aula

1336 3283 1515 3341 retentura
1531 3282 1638 3352 esset,
1667 3281 1787 3340 tamen
1806 3271 1836 3340 si
1859 3271 1898 3339 in
1915 3264 1979 3339 has
1994 3272 2158 3360 regiones
2173 3275 2336 3344 redeun-

1335 3375 1421 3443 dum
1436 3396 1509 3442 esse
1525 3372 1683 3470 putabis,
1698 3395 1763 3442 nec
1777 3385 1812 3441 te
1826 3373 1906 3442 aula
1929 3373 2057 3444 retinet
2069 3398 2183 3466 ,spero
2203 3371 2333 3446 Brun-

1335 3476 1465 3564 svvigac
1480 3475 1545 3545 tihi
1562 3475 1680 3544 lorum
1698 3475 1784 3547 sore.
1820 3473 1928 3563 Quod
1944 3490 2061 3545 autem
2079 3477 2227 3548 abeunti
2241 3501 2337 3549 con-

1335 3577 1454 3648 silium
1475 3577 1577 3659 dedi,
1608 3576 1702 3644 idem
1724 3600 1820 3648 nunc
1843 3578 1911 3662 do,
1936 3591 1976 3646 ut
1991 3593 2109 3667 aperte
2124 3593 2159 3648 et
2173 3578 2336 3668 ingenue

1335 3703 1417 3750 cum
1432 3677 1477 3751 D.
1491 3670 1675 3747 Bochcb'o
1693 3692 1727 3748 et
1743 3671 1980 3748 Medmonno
1997 3694 2030 3750 et
2048 3678 2100 3748 M.
2114 3675 2263 3750 Borero
2291 3685 2337 3752 de

1334 3782 1404 3852 tuis
1419 3780 1526 3850 rebus
1542 3779 1709 3849 omnibus
1725 3781 1910 3854 deliberes.
1946 3779 2087 3850 Horum
2101 3783 2340 3873 prudentiam

1336 3897 1370 3953 et
1384 3883 1489 3952 fidem
1505 3881 1722 3964 scistantam
1738 3905 1822 3967 esse,
1836 3894 1877 3951 nt
1892 3882 1958 3952 tibi
1972 3883 2074 3951 utilia
2090 3885 2230 3954 suasuri
2245 3887 2340 3962 sint.

1334 3983 1384 4054 Et
1398 3985 1534 4075 ingenii
1549 3983 1620 4051 vim
1635 3977 1866 4056 inBoclaelio
1880 3984 1949 4053 iam
1967 3984 2259 4056 animadvertisse
2277 4013 2343 4058 ar-

1336 4089 1461 4161 bitror.
1509 4085 1672 4156 Priorem
1691 4086 1946 4175 Augustiniani
1969 4087 2126 4178 collegii,
2150 4082 2340 4178 hospitem

1551 4202 1586 4259 et
1605 4202 1684 4258 tuae
1705 4189 1827 4258 literae
1851 4201 1887 4258 et
1913 4189 1974 4257 alii
1992 4185 2087 4258 mihi
2109 4191 2340 4280 praedicant.
2416 4185 2417 4226 l

1338 4291 1488 4362 Gaudeo
1508 4313 1633 4360 sonare
1658 4290 1762 4360 etiam
1778 4287 1901 4381 Spirae
1916 4315 2037 4360 vocem
2052 4289 2242 4382 Evangelii
2267 4296 2340 4366 filii

1336 4391 1405 4464 Dei
1414 4386 1491 4490 ”),
1517 4407 1550 4462 et
1567 4392 1635 4482 ipsi
1649 4390 1769 4461 Priori
1785 4385 1881 4462 bunc
1904 4381 2062 4462 animum
2077 4395 2255 4482 gratulor,
2284 4399 2341 4466 ei-

1338 4521 1406 4591 que
1422 4510 1506 4587 opto
1523 4491 1665 4565 utDeus
1689 4487 1709 4564 ὃ
1725 4492 1887 4591 ἐνεργῶν
1907 4489 1950 4565 τὸ
1974 4489 2118 4579 θέλειν,
2138 4509 2180 4566 ut
2194 4493 2339 4568 Paulus
2415 4517 2416 4548 ³

1338 4599 1473 4692 inquit,
1497 4595 1682 4665 confirmet
1705 4610 1739 4665 et
1760 4610 1858 4685 regat
1868 4589 1981 4669 eum·
2016 4585 2339 4693 Christophorum
2415 4619 2416 4695 l

1338 4713 1499 4770 nostrum
1529 4698 1681 4766 deduces
1711 4699 1756 4767 ad
1779 4691 2072 4782 Medmannum,
2112 4695 2207 4769 nihil
2232 4705 2338 4790 petit,

1338 4802 1410 4870 ursi
1423 4813 1464 4870 ut
1479 4799 1518 4868 in
1533 4823 1572 4868 ea
1590 4799 1666 4870 loca
1679 4799 1830 4871 dueatur
1845 4823 1909 4892 per
1922 4799 2162 4882 occasionem,
2188 4801 2254 4874 ubi
2282 4805 2340 4872 vi-

806 5016 997 5114 Pbilippus
1014 5013 1240 5092 Melantbon.

1374 5107 1401 5177 ¹)
1419 5105 1586 5162 Versabatur
1605 5117 1663 5163 tum
1679 5105 1899 5178 ilardenbergios
1923 5129 1987 5162 etam
2003 5110 2173 5165 Medmanuo
2187 5113 2291 5186 Spirae
2308 5120 2339 5171 in

1408 5185 1560 5248 conventu,
1578 5189 1688 5262 eratque
1700 5177 1771 5249 apud
1784 5175 2008 5250 Christopborum
2023 5179 2158 5236 Comitem
2169 5181 2342 5241 Oldenbnr·

1408 5261 1519 5318 gennem
1533 5257 1722 5304 concronalor.

1372 5337 1420 5406 *11)
1439 5335 1492 5392 Per
1508 5337 1672 5408 Dionysium
1692 5339 1917 5394 concionatorem
1941 5339 2018 5394 sulse
2030 5338 2148 5395 Hessiae.
2186 5341 2338 5398 &meum

400 5409 479 5478 Casp.
492 5407 642 5464 Iouerum.
662 5407 726 5462 vit.
740 5427 783 5480 ep.
798 5419 911 5461 exeunte
919 5404 1013 5480 Septb.
1024 5405 1100 5462 154³.
1113 5408 1145 5463 ad
1158 5407 1289 5464 Senatum
1408 5407 1633 5462 decencionibue
1648 5407 1873 5480 Evangelicorum
1889 5407 1945 5463 rid.
1958 5427 2025 5480 quae
2043 5407 2169 5466 dedimus
2190 5431 2221 5468 ee
2236 5431 2338 5468 narra-

1408 5477 1484 5530 tione
1497 5475 1601 5532 lireutii
1615 5477 1649 5531 ad
1657 5477 1736 5550 epist.
1748 5478 1775 5532 d.
1788 5477 1922 5534 aanor.
1937 5479 2075 5550 scriptam.

331 5325 360 5396 *)
380 5325 514 5381 Videntur
524 5325 569 5382 bic
583 5324 714 5400 quaedam
729 5323 919 5396 praetermissa
932 5340 1000 5378 ene.

396 5479 653 5550 ordliugiacensem.

2412 5609 2413 5653 l
