4890 6250
128 329 152 408 a
712 317 1153 402 urrsronanuu
1202 319 1308 403 mn.
1347 325 1413 406 rx.
1466 325 1598 405 aare
2056 311 2061 318 ’
2125 337 2175 424 10

127 502 387 600 aliquantisper
410 501 599 588 sedantur,
628 520 675 576 ne
695 496 950 574 toetiicantern
970 493 1129 594 Halcyo-
1177 495 1343 592 permitto
1359 495 1494 569 indicio
1508 499 1650 593 piorum
1664 513 1699 576 et
1714 506 1921 595 doctorum,
2003 533 2043 584 os
2065 507 2173 594 etiam

128 633 207 679 nem
225 606 438 698 impediant.
491 604 598 695 Quod
623 604 732 694 igitur
751 600 848 673 Deus
871 601 1128 696 aliquantisper
1177 602 1250 674 scio
1265 603 1456 674 candorem
1472 603 1511 673 in
1528 602 1720 681 iudicando
1735 605 1915 686 adhibere.
2000 629 2069 689 tut
2084 616 2173 686 alias

10 719 11 722 ’
129 709 444 806 tranquillitatem,
477 721 647 802 tanquam
671 703 869 798 Halcyonia
890 697 948 774 his
971 703 1128 796 regioni-
1177 706 1226 774 ita
1242 729 1339 776 nunc
1355 717 1519 777 testatum
1535 707 1618 779 volo
1634 709 1677 779 de
1695 711 1928 801 dignitatibus
1942 739 2001 786 me
2022 739 2174 788 consen-

131 815 193 886 bus
216 811 338 896 dedit,
370 811 457 882 dum
473 805 708 900 Evangelium
723 805 960 892 illucesceret,
984 829 1127 896 agamus
1177 829 1255 876 sum
1278 805 1503 878 ecclesiarum
1527 824 1729 883 nostrarum
1752 816 1935 908 amplecti,
1968 842 2073 913 quem
2091 817 2174 914 qui-

133 915 162 988 ei
175 913 323 1008 gratias,
350 925 384 982 et
398 911 492 983 veris
506 936 547 984 ac
567 912 635 1006 piis
657 907 750 979 votis
772 921 931 1000 petamus
951 908 1127 1002 tranquil·
1176 909 1258 979 dem
1281 909 1515 981 certissimum
1539 925 1591 983 est
1609 937 1692 984 vere
1714 937 1789 984 esse
1809 939 2018 990 consensum
2045 944 2174 1013 perpe-

134 1017 265 1090 litatem
286 1015 551 1107 inposterum,
590 1028 631 1084 ut
654 1011 819 1081 iuventus
842 1008 900 1102 pie
923 1010 1068 1080 educari
1087 1033 1126 1080 ac
1177 1023 1279 1081 tuum
1295 1011 1459 1081 ecclesiae
1473 1007 1664 1086 catholicae
1676 1011 1756 1088 Dei.
1807 1017 1893 1092 Ideo
1908 1022 2087 1093 etiudicio
2104 1047 2173 1092 no·
2257 1068 2261 1076 v

141 1117 257 1190 doceri
277 1129 401 1214 queat,
443 1129 477 1186 et
499 1130 539 1188 ut
560 1109 702 1199 honesti
730 1125 765 1181 et
792 1111 844 1203 pii
874 1111 1128 1202 gubernatores
1176 1125 1329 1184 strarnm
1352 1113 1578 1185 ecclesiarum
1598 1117 1718 1188 omnia
1743 1143 1820 1190 mea
1850 1123 1978 1216 scripta
2004 1123 2173 1195 sublicio.

143 1219 357 1311 disciplinam
381 1239 500 1308 regere
523 1232 557 1292 et
578 1215 671 1288 tucri
693 1212 840 1306 possint.
905 1209 986 1284 Etsi
1009 1226 1127 1284 autem
1176 1211 1268 1286 Cum
1284 1229 1403 1286 autem
1418 1215 1589 1288 usitatum
1605 1219 1651 1293 sit
1663 1217 1889 1316 Principibus
1905 1225 2069 1296 dedicare
2084 1225 2173 1297 scri·

138 1317 473 1414 semperEcclesiam
487 1343 633 1412 magnae
648 1314 871 1388 difficultates
885 1328 1127 1401 exercuerunt,
1176 1329 1258 1412 pta,
1292 1331 1327 1390 et
1349 1310 1408 1388 hic
1428 1342 1506 1389 mos
1528 1321 1657 1392 multas
1681 1316 1810 1394 habeat
1829 1327 2030 1418 probandas
2043 1342 2077 1400 et
2092 1339 2177 1420 gra-'

134 1437 249 1496 tamen
264 1435 299 1493 et
320 1446 376 1492 res
398 1423 572 1508 ostendit,
599 1433 635 1492 et
646 1415 744 1508 Deus
767 1417 943 1509 praedixit
962 1416 1126 1488 ultimam
1177 1413 1249 1489 ves'
1270 1443 1411 1506 causas,
1452 1416 1546 1492 hanc
1578 1423 1862 1496 lucubrationem
1893 1429 1960 1500 tibi
1992 1427 2174 1502 Illustriss.

131 1525 256 1596 mundi
288 1537 464 1594 senectam
491 1525 648 1593 futuram
676 1519 790 1590 multo
824 1520 1127 1590 aerumnosiorem
1175 1518 1345 1614 Princeps
1361 1522 1658 1618 dedicarevolui,
1687 1531 2053 1602 utcumvoluntatem
2073 1546 2174 1604 tuam

130 1627 375 1720 superioribus
402 1625 587 1700 aetatibus.
645 1621 719 1694 Nec
748 1645 832 1690 vero
862 1621 993 1692 trustra
1023 1645 1127 1714 prae·
1179 1645 1258 1714 erga
1271 1621 1465 1694 Ecclesiam
1484 1621 1636 1714 Christi,
1667 1641 1701 1700 et
1722 1623 1871 1700 honesta
1896 1634 2011 1704 studia
2036 1621 2175 1704 laudari

128 1729 306 1799 dictiones
328 1728 442 1798 editae
463 1741 565 1814 suut,
596 1725 676 1796 vult
700 1746 757 1794 eas
781 1719 850 1813 legi
870 1718 986 1808 Deus,
1019 1738 1061 1793 ut
1076 1721 1126 1814 pii
1177 1725 1338 1811 audiam,
1369 1727 1523 1798 vicissim
1546 1725 1639 1800 hanc
1658 1743 1756 1801 tuam
1771 1733 1939 1806 virtutem
1956 1729 2174 1806 scholasticis

125 1828 498 1923 praeparentanimos
523 1829 566 1897 ad
590 1823 801 1916 multiplicia
825 1824 1038 1909 certamina,
1070 1825 1127 1894 di·
1176 1827 1395 1917 praedicem,
1438 1852 1566 1924 eosque
1591 1827 1776 1932 adhorter,
1817 1857 1853 1904 se
1877 1839 1921 1906 ad
1946 1839 2118 1908 amandos
2141 1849 2176 1908 et

126 1944 228 2002 scant
244 1955 337 2026 quae
353 1931 398 2002 sit
413 1955 495 1999 vera
514 1927 582 1999 Dei
597 1923 775 2012 Ecclesia,
805 1926 845 2016 in
869 1948 938 2017 qua
961 1925 1127 1999 videlicet
1177 1933 1397 2000 venerandos
1418 1930 1534 2003 bonos
1556 1947 1590 2007 et
1614 1935 1783 2006 salutares
1805 1933 1989 2032 Principes
2011 1940 2139 2011 adsuei
2156 1983 2176 1998 -

125 2047 232 2104 sonat
248 2056 316 2102 vox
334 2029 523 2121 Evangelii
539 2031 605 2099 lilii
618 2027 705 2112 Dei,
737 2026 850 2098 sciant
865 2021 958 2096 hanc
979 2027 1127 2098 dimica·
1178 2031 1290 2117 ciant,
1322 2047 1356 2102 et
1371 2033 1521 2102 assiduis
1540 2035 1703 2127 precibus
1719 2037 1797 2109 Deo
1816 2043 2066 2114 commendent
2081 2043 2176 2136 poli-

125 2149 247 2206 turam
270 2155 345 2204 esse
366 2157 445 2202 cum
469 2128 630 2205 hostibus
655 2126 812 2216 Christi,
845 2129 908 2221 qui
933 2130 1039 2198 nobis
1064 2155 1126 2200 sua
1176 2133 1244 2203 tias
1266 2147 1300 2204 et
1319 2134 1439 2204 fideles
1462 2137 1725 2224 gubernatores.
1790 2139 1923 2233 Magna
1947 2159 1998 2215 est
2026 2141 2176 2216 humani

124 2251 243 2308 morte
259 2235 350 2304 iram
365 2236 499 2306 aeterni
518 2233 628 2326 patris
643 2229 812 2324 placavit,
845 2244 878 2301 et
901 2231 1127 2302 resuscitatus
1177 2235 1315 2324 generis
1328 2235 1533 2322 infirmitas,
1566 2261 1715 2330 magnus
1730 2241 1832 2313 luror
1846 2245 2000 2328 diaboli,
2036 2247 2098 2340 qui
2116 2269 2176 2317 ar-

125 2350 272 2428 regnat,
306 2349 347 2408 ut
371 2333 569 2406 Ecclesiam
600 2357 700 2404 snam
732 2335 842 2402 donet
874 2331 947 2401 vita
971 2347 1127 2422 aeterna,
1177 2339 1266 2408 dens
1280 2338 1364 2408 odio
1378 2335 1466 2419 Dei,
1499 2340 1589 2412 sicut
1604 2342 1739 2434 primos
1756 2359 1920 2436 parentes
1941 2349 2105 2442 impulit,
2134 2361 2177 2419 ut

123 2439 240 2510 sciant
251 2439 360 2508 finem
375 2432 503 2508 barum
521 2459 772 2508 aerumnarum
788 2435 882 2518 fore,
905 2456 986 2503 cnm
1002 2431 1126 2506 Eccle:
1177 2453 1322 2510 ruerent
1338 2439 1375 2508 in
1392 2434 1457 2510 bas
1472 2464 1675 2512 aerumnas:
1711 2441 1947 2539 ltaperpetuo
1969 2473 2097 2524 nocere
2119 2475 2176 2522 ec-

124 2542 177 2612 sia
200 2565 243 2610 ex
266 2552 380 2613 morte
405 2539 609 2612 resuscitata
632 2537 820 2607 ornabitur
838 2548 979 2606 aeterna
1003 2537 1127 2626 gloria.
1178 2541 1302 2611 clesiae
1319 2543 1454 2626 studet,
1487 2565 1529 2612 ac
1550 2546 1738 2638 praecipue
1758 2571 1897 2619 summo
1920 2551 2013 2624 vitae
2036 2553 2176 2642 fastigio

122 2643 180 2716 De
205 2637 264 2711 his
286 2643 393 2712 rebus
410 2667 488 2712 cum
507 2639 644 2733 prolixe
660 2661 726 2709 nos
740 2636 838 2708 Deus
855 2635 895 2705 in
909 2638 1039 2729 scripto
1053 2637 1127 2711 Da·
1178 2643 1379 2742 insidiatur.
1433 2641 1508 2713 Nec
1540 2645 1615 2716 nlla
1647 2659 1745 2719 tanta
1777 2664 1830 2722 est
1861 2654 2051 2746 sapientia,
2085 2679 2176 2750 quae

125 2744 234 2816 uictis
257 2743 538 2836 praemonuerit,
578 2755 780 2832 temporum
806 2737 913 2808 etiam
938 2741 1064 2810 seriem
1094 2737 1148 2813 et'
1177 2758 1351 2837 quantum
1372 2744 1420 2817 sit
1441 2745 1479 2814 in
1501 2747 1599 2816 omni
1616 2749 1875 2840 gubernatione
1892 2757 2059 2846 periculi,
2090 2755 2176 2828 satis

125 2857 240 2916 metas
257 2844 501 2938 aliquomodo
519 2843 764 2926 constituerit,
796 2841 1127 2914 tertebonismen-
1177 2845 1363 2936 intelligat.
1424 2845 1544 2936 Quare
1576 2847 1760 2944 Principes
1793 2857 1976 2928 coniuncti
2011 2857 2175 2930 ecclesiae

125 2949 223 3020 tibus
238 2943 326 3016 baec
343 2947 447 3017 lectio
462 2947 563 3018 utilis
578 2958 639 3019 est.
691 2941 791 3033 Quid
806 2943 904 3037 quod
921 2967 989 3014 vox
1011 2947 1126 3036 angeli
1176 2945 1265 3034 Dei,
1308 2945 1471 3018 omnium
1495 2950 1638 3042 piorum
1662 2955 1755 3024 votis
1778 2957 1974 3029 adiuvandi
1999 2975 2101 3044 sunt,
2134 2973 2177 3031 ut

125 3049 251 3122 inhue
267 3044 374 3119 huius
388 3046 513 3141 scripti
529 3044 709 3131 bortatur,
732 3045 895 3115 ultimam
914 3058 1062 3116 aetatem
1081 3049 1126 3120 ad
1176 3047 1274 3122 Deus
1290 3063 1470 3136 aeternus,
1494 3051 1557 3146 qui
1572 3053 1632 3124 dat
1649 3057 1795 3128 salutem
1811 3055 1992 3150 Regibus,
2019 3077 2060 3134 ut
2076 3060 2176 3133 Psal-
2300 3115 2302 3124 .

126 3148 220 3222 hanc
241 3149 450 3236 lectionem,
481 3175 563 3222 cum
586 3148 651 3220 ait:
678 3146 796 3222 Stabis
816 3144 947 3218 Daniel
968 3147 1008 3218 in
1031 3163 1126 3222 sorte
1177 3175 1256 3222 mus
1271 3152 1407 3246 inquit,
1432 3154 1718 3228 comitiacorum
1736 3173 1843 3250 regat,
1867 3187 1906 3232 ac
1919 3179 2055 3236 mentes
2070 3177 2176 3258 atque

10 3267 11 3282 ¹
126 3252 349 3338 tuainfine,
380 3253 511 3338 idest,
538 3251 1126 3341 brugeristuomunem-docebis
1176 3253 1329 3346 impetus
1344 3257 1388 3322 ad
1405 3277 1503 3324 suam
1522 3269 1556 3326 et
1570 3259 1751 3349 publicam
1768 3261 1918 3333 salntem
1932 3266 2062 3344 flectat.
2099 3265 2177 3338 Hac

10 5383 12 5412 '
120 5389 157 5462 in
172 5387 231 5462 bis
246 5390 401 5462 arbitror
416 5403 573 5460 nostram
589 5390 935 5464 lucubratiunculam
951 5391 1116 5484 prolutu-

125 3369 160 3426 et
180 3353 407 3426 confirmabis
429 3354 519 3444 pios.
574 3351 624 3424 Et
645 3346 810 3424 Christus
840 3374 914 3419 non
943 3355 1123 3424 modoad
1177 3357 1221 3425 de
1242 3379 1281 3426 re
1295 3355 1460 3426 Lectores
1483 3357 1524 3426 in
1542 3351 1610 3428 hoc
1626 3381 1754 3450 genere
1768 3363 2034 3439 dedicationum
2051 3369 2175 3440 admo-

126 3457 316 3528 lectionem
333 3456 408 3526 eins
420 3479 486 3526 nos
502 3454 665 3535 deducit,
695 3455 757 3522 sed
776 3450 881 3522 etiam
897 3451 996 3524 iubet
1010 3467 1125 3524 atten—
1176 3459 1286 3528 nendi
1302 3471 1397 3530 sunt.
1430 3456 1529 3549 lpsos
1543 3461 1648 3530 etiarn
1663 3462 1848 3557 Principes
1860 3469 1964 3540 lectio
1980 3471 2175 3543 illustrium

127 3574 183 3630 tos
205 3559 429 3628 considerare
456 3558 502 3630 de
523 3557 665 3651 quantis
688 3555 794 3624 rebus
820 3576 886 3622 nos
908 3557 1031 3626 doceat
1051 3555 1125 3627 Da·-
1176 3559 1419 3652 exemplorum
1434 3552 1599 3632 hortetur
1612 3564 1657 3633 ad
1672 3569 1974 3658 moderationem,
2004 3575 2105 3646 etad
2127 3573 2177 3644 ti-

127 3660 233 3730 nielis
265 3660 439 3743 narratio,
482 3683 563 3729 cum
594 3659 660 3729 ait:
703 3655 778 3746 Qui
810 3655 914 3744 legit,
955 3661 1124 3732 attendat.
1175 3683 1312 3730 morem
1327 3656 1416 3742 Dei,
1449 3681 1540 3756 quae
1564 3665 1708 3758 quidem
1731 3691 1772 3738 co
1788 3675 1975 3765 proposuit
1992 3672 2107 3761 Deus,
2135 3691 2176 3748 ut

127 3760 245 3832 Tanta
260 3763 453 3832 autoritate
476 3783 701 3844 moveamur,
730 3773 770 3829 ut
794 3752 863 3827 hoc
887 3759 1057 3852 scriptum
1078 3761 1124 3830 li·
1175 3763 1414 3855 posteritatem
1436 3766 1479 3834 ad
1504 3765 1647 3836 virtutis
1668 3771 1826 3842 studium
1847 3790 2000 3848 vocaret.
2058 3775 2174 3849 Deum

127 3865 253 3933 benter
272 3877 309 3932 et
332 3863 490 3934 studiose
510 3863 679 3952 legamus.
739 3856 888 3931 Accedit
909 3853 995 3948 huc,
1026 3864 1121 3956 quod
1175 3877 1357 3936 aeternum
1390 3879 1526 3956 patrem
1556 3867 1757 3942 liberatoris
1785 3876 1900 3945 nostri
1934 3875 2012 3950 Iesu
2040 3875 2174 3952 Christi

127 3989 249 4034 revera
277 3960 444 4054 Epitome
471 3978 523 4035 est
552 3959 722 4034 historiae
750 3960 878 4032 mundi
905 3961 990 4033 inde
1010 3989 1123 4057 usque
1173 3979 1249 4038 toto
1269 3981 1410 4058 pectore
1426 3993 1509 4052 oro,
1542 3981 1585 4040 ut
1608 3981 1642 4040 te
1663 3990 1778 4046 servet
1801 3977 2053 4067 incolumem,'
2069 3995 2105 4053 et
2126 3983 2174 4053 ita

126 4067 278 4159 aprima
296 4061 521 4149 monarchia,
554 4079 590 4135 et
610 4064 766 4154 exempla
789 4063 967 4132 bonorum
991 4079 1026 4135 et
1046 4091 1123 4134 ma-
1174 4080 1289 4158 regat,
1320 4082 1362 4139 ut
1383 4081 1442 4140 tua
1468 4069 1679 4158 gubernatio
1694 4075 1740 4146 sit
1753 4077 1866 4150 fausta
1883 4095 1918 4150 et
1933 4081 2042 4154 foelix
2058 4083 2125 4153 tibi
2141 4097 2177 4155 et

127 4169 243 4240 lorum
261 4165 469 4258 Principum
485 4166 636 4238 illustria
657 4163 837 4258 proponit.
888 4163 958 4236 Sed
983 4169 1028 4237 de
1049 4169 1123 4238 uti-
1172 4171 1324 4262 patriae,
1360 4192 1401 4239 ac
1421 4167 1601 4244 Ecclesiae
1619 4169 1772 4265 Christi,
1810 4205 1901 4273 quae
1930 4197 1981 4254 est
2002 4185 2113 4256 altera
2141 4198 2176 4256 et

126 4271 285 4342 litatibus
311 4283 434 4359 postea
456 4270 560 4361 plura
587 4269 715 4339 dicam.
777 4262 856 4355 Ego
883 4267 1048 4360 quidem,
1082 4283 1122 4340 ut
1172 4273 1292 4344 verior
1305 4271 1431 4366 patria.
1483 4269 1633 4348 Calend.
1650 4273 1753 4355 lanu.
1780 4277 1890 4354 Anno
1903 4282 2151 4364 M.D.XL111.

125 4367 353 4444 scholasticos
368 4371 412 4441 ad
430 4365 523 4442 hanc
544 4369 733 4440 lectionem
756 4367 964 4454 invitarem,
994 4371 1121 4441 breves
1329 4397 1333 4414 ·

123 4473 372 4544 annotationes
406 4471 515 4546 edidi.
579 4469 672 4542 Tam
704 4471 877 4542 foecunda
912 4484 995 4542 sunt
1027 4474 1120 4546 dicta

124 4571 407 4670 Prophetarum,
436 4587 479 4646 ut
498 4568 679 4646 exhauriri
698 4597 773 4644 non
793 4573 941 4664 possint.
993 4571 1121 4662 Quan-
1171 4606 1237 4680 No,
1253 4607 1367 4683 2515·
1998 4628 2045 4709 (in
2075 4627 2158 4715 hu)

122 4701 232 4771 quam
256 4677 365 4768 igitur
382 4675 621 4766 magnitudini
637 4688 927 4766 argumentorum
944 4668 982 4744 hi
998 4677 1121 4765 ieiuni,
1177 4703 1350 4736 Μ
1990 4677 2164 4752 ψ’ψὲ..

124 4793 157 4850 rt
180 4778 303 4850 mutili
325 4779 572 4850 commentarii
593 4803 668 4850 non
691 4777 945 4850 satisfaciunt:
981 4777 1119 4850 Tamen
1358 4789 1596 4902 pfaffatl‘o
1627 4801 1673 4883 gn
1696 4799 1981 4891 Alcomnum·

125 4883 274 4972 prodest
302 4879 523 4954 iuventutem
550 4879 812 4952 commonelieri
841 4882 887 4950 de
920 4881 1119 4974 praecipuis

123 4981 294 5066 materiis,
318 4995 356 5052 a
370 4984 472 5076 quasi
487 4982 597 5072 digito
613 4984 804 5053 monstrari
821 4981 1003 5068 ωῧῑοωε,
1029 5009 1118 5078 quo,
1160 5065 1166 5080 ι
1238 4970 1390 5031 Praescisse
1406 4973 1495 5033 libro:
1524 4975 1705 5100 quhumgtis
1720 4979 1920 5065 §memorum
1944 4986 2076 5062 principis
2097 4989 2171 5046 einr.

122 5085 273 5157 studiosi
294 5097 414 5176 postea
434 5107 498 5156 sua
522 5083 752 5156 meditatione
773 5085 922 5176 propius
942 5088 1118 5174 contueri,
1273 5062 1536 5170 ‘iiiiii‘ii'iii
1548 5065 1630 5184 'iiiii
1647 5053 2172 5198 riiiiiiiriitiiisiiiiii'isiffl

122 5203 156 5258 et
170 5186 335 5258 evolvere
350 5187 492 5261 debent.
543 5185 638 5259 Sunt
652 5201 770 5258 autem
784 5187 823 5255 in
838 5183 989 5256 Daniele
1003 5190 1116 5260 multa
1272 5181 1363 5250 ‘5⁰⁰⁹’
1381 5183 1929 5268 ⁰⁹²”fl⁸¹⁰di⁰ffl⁰d⁰riss¹lltbsdri
1954 5195 2170 5254 ennomus,

1272 5268 1365 5303 mense
1384 5249 1488 5305 Martvo
1510 5255 1541 5322 (a.
1562 5251 1592 5322 Ι.)
1616 5252 1667 5309 tot.
1686 5284 1719 5297 -
1763 5255 1808 5310 brt
1831 5259 1895 5315 haec
1916 5263 2053 5331 posterior
2070 5266 2174 5332 editio,

122 5283 308 5374 historiens
341 5311 431 5381 (ime
454 5302 547 5360 ῑθΐῑθ
570 5289 759 5383 rethlrunt
778 5289 1017 5380 interpretem.
1068 5287 1117 5363 Ei
1270 5320 1349 5440 ποι
1377 5321 1449 5381 enim
1474 5319 1576 5390 prodiit
1600 5325 1751 5379 secundum
1779 5327 1860 5398 Mytii
1885 5330 2046 5406 chronolog.
2071 5336 2169 5392 libror.

1304 5385 1403 5444 elantb.
1422 5408 1495 5444 anuo
1517 5389 1595 5446 rats.
1618 5401 1645 5446 et
1669 5393 1801 5465 praefatio
1822 5397 1973 5454 Bibliaudri
1997 5399 2058 5456 data
2078 5415 2119 5460 ert
2140 5425 2171 5460 er

121 5517 193 5564 nm
211 5491 424 5564 iamim,
457 5491 530 5566 sed
552 5492 729 5590 quidquid
753 5509 804 5569 “t
824 5515 973 5588 operae,
998 5507 1113 5566 ,otum
1267 5451 1890 5582 '‘l'difidrltkdgddielanuariiaunoMDXLlll.
1909 5499 1944 5512 -
1978 5468 2168 5548 Descripsiler
