4776 6260
70 315 136 394 cu
637 299 1073 384 actsronanuu
1123 304 1229 388 mn.
1257 306 1321 392 nt.
1355 265 1502 390 asts.
1864 247 1870 260 ⁸
2023 325 2098 402 ιιι

72 487 161 558 vobis
184 497 291 558 notae
318 497 420 571 sunt,
453 491 487 555 et
509 482 750 554 narrationem
772 480 878 551 nobis
902 477 1056 564 missam,
1106 478 1161 548 lae
1178 477 1462 558 Soltwedelensi,
1513 481 1562 556 Et
1586 501 1724 574 narrat,
1750 513 1834 562 suae
1857 493 2009 568 familiae
2031 497 2099 568 ali-

70 589 161 662 lratri
184 583 344 660 exhiberi
359 588 460 672 volo,
483 610 524 655 ac
547 581 638 654 milri
653 582 844 674 significari
866 581 955 674 quid
972 604 1056 649 cen·
1107 581 1195 674 quid
1209 581 1298 652 iuris
1314 583 1352 652 in
1372 584 1446 654 eius
1462 589 1648 660 sacerdotii
1664 591 1852 662 collatione
1868 595 1985 670 luisse.
2027 598 2098 670 Sed

71 703 134 763 seat
149 691 324 781 agendum
340 711 414 759 esse
430 687 607 780 deinceps·
647 683 787 776 Rogavi
803 675 1056 764 Macedonem,
1107 684 1151 750 de
1174 681 1252 752 iure
1274 677 1369 754 nihil
1389 687 1543 776 disputo.
1600 688 1679 760 lloc
1701 693 1867 780 adfirmo,
1891 689 2098 794 liopertum

42 807 106 864 'ut
127 791 217 884 ipse,
250 791 312 884 qui
339 791 467 860 melius
496 786 696 880 prospicere
719 795 833 878 potest
862 784 900 852 in
925 805 961 850 re
993 782 1056 851 tali
1106 796 1252 874 propter
1276 784 1413 876 ingenii
1439 787 1531 874 vim,
1564 791 1800 864 eruditionem
1831 809 1865 866 et
1892 801 2099 886 gravitatum

70 893 148 990 quid
173 895 365 974 conducat,
390 892 466 961 vias
490 889 701 961 errationes
725 885 902 956 liberandi
919 880 1055 952 Hiero-
1106 893 1247 954 morum
1271 887 1419 976 dignum
1436 911 1528 975 esse,
1554 893 1618 986 qui
1634 891 1757 965 Vestra
1773 901 1981 970 auctoritate
1997 901 2098 972 iuve-

72 991 171 1091 oymi
195 1006 350 1088 quaerat.
419 993 487 1062 Sed
513 992 637 1072 illum,
670 1004 711 1060 ut
736 989 908 1071 arbitror,
942 984 1054 1054 multa
1106 996 1177 1066 tur,
1194 1010 1233 1056 ac
1248 989 1378 1078 poterit
1392 989 1472 1060 usui
1487 1013 1560 1062 esse
1573 993 1754 1088 aliquanto
1767 1011 1847 1088 post
1860 998 1897 1068 in
1913 1000 2096 1075 iunctione

70 1097 282 1189 impediunt,
313 1117 403 1188 quae
427 1118 502 1164 non
528 1091 611 1163 volo
633 1113 827 1164 recensere.
876 1084 1054 1176 Coniugio
1106 1086 1348 1159 ecclesiastica.
1374 1085 1453 1160 Oro
1469 1075 1587 1180 igitur,
1605 1109 1645 1165 ut
1659 1097 1855 1186 perficiatis,
1870 1113 1910 1170 ut
1926 1099 2097 1174 lllustris·

70 1199 171 1288 igitur
195 1197 238 1266 ad
262 1196 361 1264 illam
392 1210 549 1266 nostram
574 1193 739 1263 usitatam
764 1187 1056 1273 consolationem,
1105 1187 1187 1256 simi
1207 1187 1385 1283 Principis
1408 1188 1630 1264 Marchionis
1647 1193 1822 1269 Electoris
1844 1213 1909 1275 etc.
1931 1203 2097 1296 benigni.

68 1294 177 1372 Putcr
200 1305 231 1366 ct
246 1305 364 1366 muter
386 1289 655 1392 dereliquerunt
671 1313 746 1378 me,
771 1285 963 1360 Dominus
984 1311 1055 1357 uu·
1105 1300 1175 1358 tate
1206 1292 1420 1361 concedatur
1448 1294 1524 1364 seni
1557 1297 1749 1385 sacerdoti,
1781 1303 1957 1372 avunculo
1986 1299 2095 1378 huius

69 1409 132 1472 tem
154 1396 312 1496 suscepit
328 1419 394 1472 mc.
445 1395 630 1487 Respondi
650 1396 694 1464 de
720 1393 927 1486 quaestione
948 1390 1054 1460 nobis
1103 1382 1285 1486 Ruperti,
1317 1406 1357 1463 ut
1379 1387 1462 1464 huic
1482 1396 1602 1466 inveni
1629 1399 1782 1490 resignet
1805 1405 2040 1476 sacerdotium
2061 1421 2096 1480 et

67 1503 263 1597 proposita,
288 1522 437 1592 sumque
454 1499 602 1568 miratus
619 1495 802 1566 audaciam
819 1516 963 1582 eorum,
991 1491 1054 1585 qui
1105 1492 1324 1563 adsentiatur
1350 1491 1612 1568 lllustrissimus
1634 1497 1820 1595 Princeps,
1860 1515 1902 1574 ut
1928 1500 1986 1579 hic
2006 1503 2095 1578 Ru-

67 1605 338 1695 Magistratuum
362 1612 478 1670 errata
504 1609 671 1669 excusant
698 1609 879 1689 praetextu
903 1592 1054 1683 exempli
1102 1600 1226 1688 pertus
1250 1589 1318 1664 boc
1339 1597 1574 1667 sacerdotium
1594 1612 1722 1673 teneat.
1786 1603 1985 1676 Scriberem
2007 1635 2093 1702 pro.

67 1704 228 1778 Mosaici.
279 1703 318 1776 Si
335 1703 434 1772 ludet
450 1696 517 1771 hoc
537 1701 645 1770 modo
662 1698 867 1791 posteritas,
892 1695 978 1790 quid
996 1695 1053 1764 lu·
1104 1692 1229 1778 liuius,
1254 1695 1325 1764 nisi
1343 1719 1523 1786 parcerem
1540 1703 1832 1792 occupationibus
1847 1703 1994 1785 Vestris.
2044 1709 2094 1784 Et

66 1824 185 1882 turum
208 1803 284 1875 est?
317 1803 387 1876 Sed
408 1801 525 1872 Deum
546 1825 630 1887 oro,
663 1812 704 1871 ut
726 1811 823 1889 regat
848 1796 1053 1867 docentium
1104 1818 1184 1864 cum
1204 1793 1277 1864 Vos
1300 1796 1369 1886 ipsi
1385 1789 1592 1895 Rupertum
1615 1801 1801 1892 videbitis,
1826 1821 1971 1898 propter
1994 1811 2094 1900 inge-

65 1923 217 1992 mentes,
240 1919 274 1975 et
291 1915 334 1976 ut
357 1901 484 1974 Esaiae
506 1903 623 1972 verbis
646 1915 745 1986 utar,
771 1893 962 1999 oppupc'up
984 1891 1053 1968 τὸν
1104 1897 1205 1964 nium
1221 1895 1296 1965 eius
1311 1897 1464 1969 libenter
1479 1925 1561 1972 eum
1577 1902 1802 1980 adiuvabitis.
1860 1905 1956 1980 Bene
1972 1913 2095 1986 valete.

66 2005 185 2103 νόμον
199 2007 238 2080 iu
252 2007 330 2086 τοῖς
341 2003 532 2098 μαθηταῖς
547 2000 677 2078 αὐτοῦ.
1102 1995 1172 2068 Die
1185 1995 1230 2071 X.
1247 1993 1353 2074 Febr.
1371 1997 1481 2075 1545.

164 2108 274 2182 Mitto
301 2107 370 2180 tibi
400 2105 660 2180 enarrationem
689 2102 818 2193 Quinti
840 2095 1053 2172 Ethicorum
1603 2101 1794 2202 Philippu,
1820 2107 2045 2186 Mehmhon·

65 2235 184 2284 veram
200 2223 234 2281 ct
247 2233 321 2280 non
336 2209 533 2293 insuavem,
554 2206 655 2278 cuius
671 2206 858 2276 lectionem
872 2202 1053 2272 interdum

65 2313 240 2405 voluptati
264 2311 331 2384 tibi
350 2333 424 2381 esse
446 2308 611 2402 optarim.
660 2295 841 2376 Carolum
857 2303 1054 2395 Imperato-

64 2439 141 2486 rem
166 2413 367 2484 existimant
389 2424 579 2481 venturum
608 2429 682 2479 esse
708 2409 751 2478 ad
775 2419 988 2476 conventum
1012 2402 1052 2470 in
1102 2417 1171 2493 No,
1187 2417 1301 2490 3137,
1897 2443 1903 2458 ,
1933 2447 1976 2508 13
2007 2443 2083 2505 Febr

64 2518 155 2588 urbe
175 2511 217 2589 V
214 2510 418 2607 angionum
434 2506 652 2583 inchoatum.
701 2508 844 2580 Nollem
866 2505 1053 2599 pecuniam
1111 2513 1285 2544 Μ
1699 2573 1703 2582 Ι
1928 2489 2098 2562 ''f-,L

62 2613 157 2688 milri
171 2616 314 2686 missam
335 2637 409 2685 esse
424 2615 468 2684 ab
491 2607 737 2682 honestissima
755 2607 905 2699 coniuge
919 2603 1055 2677 Hiero-
1388 2620 1448 2713 A·
1479 2621 1818 2716 [pammachio.

63 2717 189 2815 nymi,
214 2731 248 2788 et
261 2731 296 2786 te
310 2717 428 2787 decuit
452 2737 525 2784 non
539 2712 707 2805 accipere.
757 2709 855 2780 Bene
873 2709 963 2781 vale.
996 2708 1055 2777 die

62 2827 99 2896 7.
118 2818 308 2892 Februarii
321 2811 371 2912 *).
1193 2791 1216 2858 l
1233 2788 1271 2844 Ε·
1284 2809 1378 2864 troes·
1396 2792 1426 2849 in
1441 2795 1505 2852 est.
1522 2793 1608 2854 Goth.
1625 2799 1685 2857 19⁰.
1703 2819 1730 2874 ρ.
1750 2805 1810 2861 tte.

604 2909 761 3007 Philipp.
778 2905 1006 2988 M⁶l³¹¹lh⁰¹¹·
1145 2942 1238 3019 Dm.
1260 2913 1467 3023 Antonio
1491 2945 1813 3050 Lautcrbuch‚
1839 2957 1946 3046 Post.
1961 2963 2065 3044 Eccl.

58 3104 1054 3142 W
1520 3048 1691 3135 Pirneus.

57 3259 258 3338 Nmmfi·
285 3278 295 3290 .
902 3248 959 3322 10·
973 3253 1060 3315 Febr.
1110 3165 1156 3255 S·
1181 3181 1227 3288 ll.
1278 3181 1352 3254 Nec
1367 3204 1430 3300 ego
1446 3183 1555 3255 ullam
1575 3211 1650 3258 rem
1673 3189 1780 3260 aliam
1799 3195 1981 3272 ardentius
2003 3220 2097 3296 opto,

59 3357 240 3392 w
889 3341 1061 3372 „m
1112 3309 1219 3380 quam
1232 3298 1275 3357 ut
1295 3307 1376 3353 vere
1391 3299 1576 3356 invocetur
1590 3286 1687 3358 Deus
1708 3303 1742 3360 et
1766 3295 1963 3372 celebretur
1983 3305 2099 3377 domi-

381 3435 428 3522 L,
453 3434 738 3526 Weinlatcbt'o
1112 3409 1181 3458 nus
1209 3398 1330 3456 noster
1361 3381 1459 3454 lesus
1481 3377 1643 3459 'Christus
1667 3404 1703 3460 et
1725 3393 1886 3468 doctriua
1909 3397 2098 3496 Evangelii

738 3497 749 3520 ‘
975 3528 978 3534 ·
1113 3511 1203 3580 pura
1220 3489 1289 3557 late
1313 3499 1541 3578 propagetur,
1566 3501 1600 3558 et
1617 3506 1777 3562 servetur
1798 3498 1843 3566 ad
1865 3523 2006 3574 omnem
2031 3535 2096 3600 po.

1109 2298 1235 2311 ..φ’-

139 3602 182 3658 Ex
200 3607 306 3669 autogr.
330 3593 402 3650 Met.
420 3593 451 3648 iu
469 3591 532 3648 eod.
553 3590 668 3648 Setttert
691 3560 790 3646 Deest·
812 3603 856 3662 ep.
873 3585 919 3643 2²*
935 3583 1012 3707 editt
1033 3583 1062 3638 ³¹¹
1113 3589 1323 3671 steritatem,
1353 3588 1450 3679 quod
1472 3600 1512 3657 ut
1535 3587 1595 3660 liat
1613 3591 1769 3679 felicius,
1801 3599 1905 3671 etiam
1930 3619 2031 3694 opto,
2057 3623 2098 3683 ut
2164 3601 2166 3606 ’

177 3661 396 3738 wepcbeideri
411 3661 510 3734 eroge.
528 3660 564 3716 ¹¹·
582 3661 680 3734 eptt.
1113 3687 1211 3762 Deus
1232 3687 1436 3782 principum
1458 3711 1498 3759 ac
1519 3690 1706 3764 doctorum
1728 3713 1862 3769 mentes
1883 3721 1991 3794 regat.
2041 3707 2098 3783 Ex

60 3813 304 3900 Clarissimi>
330 3811 409 3884 uiro
433 3801 619 3898 doctrinis,
652 3809 780 3881 uirtute
810 3817 842 3879 ct
863 3799 1063 3906 prudentio
1112 3791 1232 3912 opimo
1246 3792 1370 3869 laetor,
1388 3785 1524 3908 Ducem
1537 3786 1765 3866 Mauritium
1782 3811 1853 3870 tam
1868 3803 2006 3878 illustre
2019 3833 2101 3901 spe-

57 3915 286 4028 praestonti
300 3912 469 3986 Domino
487 3909 515 3983 I
528 3937 549 3984 o
564 3907 590 3982 h
605 3936 631 3982 o
645 3937 670 3982 u
685 3937 710 3983 n
726 3911 743 3980 i
773 3905 846 3984 W
842 3933 859 3979 e
875 3907 929 3978 iu
946 3904 1000 3978 iu
1017 3930 1064 3993 w,
1113 3917 1229 3965 etmen
1258 3892 1423 3984 praebere
1447 3892 1514 3982 pri,
1553 3891 1638 3964 iusti
1658 3910 1693 3968 et
1714 3899 1887 3972 moderati
1915 3909 2097 4004 principis.

61 4017 315 4103 cancellario
336 4013 598 4090 [ilustrissimi
619 4009 807 4110 Principis
823 4002 1063 4082 Murcbionis
1112 3993 1248 4086 Magno
1270 3991 1444 4084 praesidio
1468 3991 1628 4062 futurum
1650 4017 1753 4089 spero
1776 4014 1810 4071 et
1829 3995 2041 4083 Germaniae
2063 4029 2099 4086 et

342 4115 527 4190 Eiectorcs
542 4125 575 4189 ct
589 4115 708 4187 amico
721 4137 800 4185 suo.
1112 4091 1289 4166 Ecclesiae
1305 4091 1384 4177 Dei,
1403 4116 1511 4185 quare
1525 4090 1641 4164 Deum
1658 4121 1851 4190 precemur,
1875 4119 1915 4176 ut
1930 4133 2009 4180 eum
2024 4135 2099 4184 ser.

1212 4209 1226 4266 t
1241 4206 1412 4288 perpetuo
1427 4193 1608 4282 gubernet.

61 4243 112 4336 S.
141 4259 196 4333 D.
245 4252 450 4326 Clarissimo
465 4251 540 4338 vir,
563 4251 636 4320 scio
652 4271 725 4318 non
741 4259 873 4316 temere
895 4242 1063 4334 interpel-
1113 4209 1174 4268 ”l
1191 4219 1248 4367 ‘D
1489 4294 1499 4312 ,
1784 4301 1792 4318 ‚

1250 4321 1268 4365 e
1292 4309 1469 4366 conventu
1487 4319 1527 4365 ru
1547 4297 1636 4368 urbe
1657 4293 1703 4370 V
1695 4324 1899 4396 ungcouum
1916 4323 1950 4381 et
1967 4315 2010 4384 dc
2031 4313 2099 4408 Sy.

60 4365 205 4438 landos
221 4381 295 4430 esse
309 4379 387 4441 eos,
412 4353 476 4449 qui
498 4349 672 4446 rempubl.
692 4349 912 4440 gubernant,
939 4356 975 4414 et
992 4343 1065 4412 Vos
1290 4395 1299 4412 .
1391 4395 1399 4410 .
1609 4398 1618 4417 ‚
1701 4403 1708 4418 ,

59 4485 242 4556 magnam
261 4459 392 4530 molem
409 4456 630 4546 negotiorum
645 4450 816 4522 sustinere
833 4469 905 4517 non
928 4446 1065 4536 ignoro.
1114 4395 1771 4474 ’10ᾶοΤΜΒΜΙΜΜΜΕΜΝῙΠ
1795 4422 1858 4482 e⁸1·
1907 4403 2097 4488 [rutheros

58 4571 143 4642 Sed
172 4585 280 4655 spero
299 4554 388 4630 mihi
410 4555 548 4626 veniam
570 4554 669 4640 dari,
700 4573 821 4622 causas
843 4542 1067 4618 scholasticas
1114 4499 1266 4571 ³d⁰m³l
1285 4495 1473 4587 ⁸“ll'lum’
1505 4523 1576 4593 ‘1¹¹⁰
1603 4501 1733 4574 “sum
1751 4503 1947 4596 Elimiam
1970 4513 2099 4598 Ponti-

58 4663 356 4744 commendam
416 4656 507 4728 Nam
529 4670 564 4728 a
592 4652 657 4726 hae
684 4655 729 4725 ad
751 4649 928 4744 rempubl·
956 4647 1067 4740 petti-
1115 4601 1230 4720 ficiam
1252 4600 1296 4669 ad
1319 4595 1486 4717 §aeolum
1511 4597 1716 4721 missam').
1771 4605 1870 4681 Bene
1886 4614 1964 4685 vale
1984 4630 2019 4688 et
2043 4643 2107 4690 re„

1115 4703 1241 4776 acerbe.
1290 4695 1360 4772 Dte
1376 4698 1435 4773 18.
1449 4697 1648 4774 Februaru.

56 4785 174 4845 nent.
237 4763 408 4837 Sacerdos
440 4772 493 4829 est
523 4758 562 4827 in
593 4747 812 4835 Soltwedel,
849 4742 1067 4822 lucebimus

55 4859 220 4950 Ptant,
245 4865 308 4960 qui
320 4861 552 4933 sacerdotium
569 4882 673 4928 suum
689 4855 866 4944 resignare
882 4851 981 4946 cupit
993 4851 1066 4921 filio

57 4999 158 5050 suae
184 4967 318 5040 sororis
331 4957 499 5060 liuperto
512 4955 669 5052 Kruuge
684 4953 979 5040 Soltwedelensi,
1003 4953 1069 5023 do·

55 5094 124 5154 cto
145 5067 345 5146 hominist
359 5063 525 5158 larundo,
551 5061 614 5157 qui
628 5056 784 5132 triennio
799 5055 954 5149 praeluit
966 5049 1071 5126 scho-

1217 4901 1377 4974 Salutcm
1391 4914 1474 4993 opto
1489 4883 1579 4973 udo
1595 4895 1745 4979 Albino.
1903 4811 1942 4884 P·
1963 4815 2017 4894 Μ’

57 5267 310 5296 -α--ω
1157 5161 2108 5315 ”attentaturumuam·ute

210 5399 216 5412 .
494 5395 502 5412 ‚
601 5394 610 5412 ,
777 5389 786 5406 ,
819 5388 856 5420 .,
1196 5316 1258 5374 Μ
1281 5277 1423 5382 uitet-ai
1447 5277 1478 5380 tlt
1500 5313 1570 5368 &tu
1592 5325 1652 5372 arar
1746 5318 1770 5374 et
1789 5321 1872 5442 geptp
1908 5391 1916 5408 ·
1956 5277 2010 5316 ’ω

101 5405 140 5468 a,
163 5399 233 5456 Alo
251 5413 347 5452 naues
360 5395 511 5480 Febr-ml
526 5391 640 5477 delent,
656 5401 684 5448 et
701 5391 857 5474 pdpcrtput.
887 5382 1079 5468 „Hycta-
1196 5383 1297 5466 l’finee
1347 5379 1456 5460 Elector
1472 5386 1618 5450 optuma,
1634 5389 1666 5434 ur
1682 5379 1724 5440 ι,
1831 5407 1887 5462 „q
1951 5396 2009 5460 du
2060 5421 2113 5458 ..-

146 5486 195 5526 m
214 5465 317 5532 mse,
333 5477 365 5524 ut
380 5477 464 5522 etum
482 5462 653 5522 &murum
670 5459 765 5516 edrdtt.
1200 5469 1240 5510 ru
1388 5444 1621 5592 ςηίΐῃόῑίιιι.
1636 5449 1664 5510 d·
1677 5419 2112 5542 idhetleatruiffliln.
