4776 6260
335 311 411 391 sss
921 291 1357 386 rrrsrouanuu
1387 290 1515 388 ΗΒ.
1547 309 1627 388 nc·
1667 295 1799 392 asts.
2254 333 2302 406 aa

342 483 564 564 dioecesibus
585 479 803 554 &manna
825 483 1059 570 constituere,
1092 503 1182 580 quae
1206 507 1338 576 cogno-
1388 481 1494 556 etiam
1511 481 1572 552 alii
1587 477 1729 557 honesti
1752 500 1787 558 et
1802 489 1898 561 docti
1914 489 1984 562 viri
2002 489 2113 564 Deum
2126 497 2253 571 timentes
2280 531 2303 574 ac

343 603 443 666 scant
464 601 499 660 et
526 584 726 658 diiudicent
758 587 1016 657 controversias
1047 587 1337 668 matrimoniales,
1361 559 1367 628 l
1388 584 1512 656 idonei
1528 580 1841 676 adiudicandum,
1866 605 2035 688 tanquam
2050 591 2181 670 honesta
2200 557 2302 676 merila

342 689 557 768 Christianis
580 687 764 768 sententiis
782 687 880 760 iuxta
896 689 1047 760 verbum
1062 685 1149 776 Dei,
1173 687 1338 782 Evange-
1386 683 1566 758 Ecclesiae
1582 687 1689 762 etiam
1706 715 1746 762 cx
1759 689 1869 769 laicis.
1927 695 2019 768 Cum
2036 700 2124 769 enim
2135 699 2304 778 Christum

344 800 453 880 lium,
491 805 525 863 et
552 791 633 861 illas
654 785 821 861 honestas
854 791 964 882 leges,
990 817 1079 886 quae
1109 793 1148 862 iu
1180 789 1338 863 Ecclesia
1388 791 1483 884 quit:
1522 785 1601 860 Dic
1616 787 1824 880 Ecclesiae,
1854 809 1889 868 et
1918 793 1975 868 his
1998 801 2112 872 verbis
2136 809 2263 892 mandat,
2284 825 2304 878 ot

342 894 477 972 Christi
501 919 520 964 a
543 894 613 985 piis
638 905 673 963 et
688 893 923 985 prudentibus
940 887 1153 966 Christianis
1169 895 1254 966 inde
1278 917 1340 966 us-
1388 917 1568 964 summum
1582 893 1756 966 iudicium
1772 899 1818 970 sit
1833 899 2153 991 penesEcclesiam,
2175 911 2304 980 docetnn

342 1027 411 1098 que
422 1001 467 1070 ab
474 995 656 1088 Apostolis
670 1009 839 1088 tanquam
854 990 1021 1070 honestae
1036 996 1153 1070 etDco
1162 999 1340 1090 placentes
1388 1008 1527 1067 tantum
1547 1019 1656 1068 unam
1678 1013 1814 1090 partem
1828 997 2006 1074 Ecclesiae
2025 1004 2150 1078 scilicet
2164 1007 2305 1102 Episcopus

242 1111 246 1124 ⁵
342 1105 518 1176 iudicatae
539 1114 641 1184 sunt,
664 1122 709 1168 ne
724 1093 899 1170 Ethnicae
920 1115 954 1172 et
971 1098 1143 1171 Turcicae
1159 1100 1341 1170 conlusio-
1387 1100 1448 1168 sed
1479 1097 1584 1168 etiam
1614 1123 1656 1168 ex
1685 1101 1832 1196 reliquis
1853 1105 2021 1194 gradibus
2045 1111 2159 1200 populi
2186 1111 2305 1202 eligendos

343 1230 406 1278 nes
431 1202 625 1273 libidinum
648 1201 808 1274 existant.
861 1198 950 1271 ltem
970 1216 1131 1293 pastores
1149 1202 1341 1272 cuiuslibet
1389 1223 1461 1270 esse
1483 1194 1617 1270 iudices
1639 1201 1809 1290 idoneos,
1834 1209 1897 1300 qui
1919 1207 1992 1280 sint
2010 1215 2161 1282 membra
2181 1211 2307 1293 Ecclesia,

342 1308 413 1380 loci
429 1305 600 1376 mandent
617 1304 687 1374 reis
705 1302 918 1389 criminum,
945 1317 986 1374 ut
1003 1329 1039 1373 se
1055 1306 1255 1377 emendent.
1299 1303 1340 1376 Si
1388 1297 1551 1372 homines
1565 1299 1723 1390 honesti,
1748 1307 1862 1394 docti,
1885 1305 2001 1382 Deum
2018 1313 2181 1386 timentes.
2223 1313 2307 1386 Etult

343 1409 474 1481 nonlit
489 1406 707 1488 emendatio,
732 1404 1219 1492 indicenteosConsistorio‚
1243 1407 1339 1502 quod
1388 1398 1454 1474 hos
1480 1429 1620 1499 quoque
1652 1401 1783 1479 habere
1807 1435 1910 1482 voces
1939 1415 2124 1503 decisivas,
2156 1415 2231 1487 sicut
2246 1413 2308 1486 hodie

344 1504 426 1586 citet
439 1533 535 1594 reos,
562 1523 596 1578 et
612 1509 735 1578 audito
752 1507 894 1599 negotio
909 1509 1036 1600 puniat
1051 1525 1191 1592 sontes,
1216 1534 1255 1578 ac
1273 1535 1339 1580 no·
1389 1519 1482 1577 extat
1495 1507 1588 1578 liber
1602 1523 1761 1581 actorum
1779 1515 1923 1584 concilii
1940 1511 2105 1608 Ephesii,
2128 1519 2164 1586 in
2178 1540 2235 1610 quo
2247 1543 2309 1609 appa

342 1613 506 1686 minatim
539 1607 606 1680 hae
631 1633 772 1680 caussae
802 1612 848 1681 ad
878 1606 949 1681 hoc
975 1612 1093 1682 sorum
1122 1613 1338 1698 deterantur,
1389 1622 1443 1679 ret
1463 1611 1569 1680 etiam
1593 1614 1815 1707 presbyteros
1839 1631 1873 1688 et
1895 1617 2064 1690 diaconos
2093 1617 2310 1691 habuissemus

341 1740 430 1814 quas
445 1717 592 1808 profana
607 1724 760 1804 potestas
773 1711 930 1802 negligit.
1389 1711 1571 1786 decisivas.

445 1811 491 1888 Si
503 1817 588 1914 quis
596 1811 750 1914 salsum
765 1807 902 1907 dogma
917 1815 1075 1910 spargit.
1978 1889 1984 1906 Ι

443 1913 594 2016 Siquis
621 1912 877 1986 contumeliose
907 1913 1072 2014 loquitur
1093 1913 1136 1988 de
1160 1915 1337 2012 religione
1762 1881 1825 1954 De
1851 1879 2013 1966 Μοὺθ·

341 2013 586 2103 Christiana,
612 2025 678 2088 aut
695 2011 738 2087 de
755 2013 1019 2090 Sacramentis.
1488 2013 1875 2116 Manifestissimum⁶’)
1901 2039 1953 2096 cst
1974 2008 2183 2098 necessarias
2203 2027 2311 2098 esselis

445 2118 491 2194 Si
539 2121 596 2192 uis
619 2129 694 2190 toto
725 2143 826 2190 anno
853 2145 915 2192 nec
942 2119 1211 2194 absolutionem
1233 2122 1337 2221 petit,
1390 2141 1445 2188 ras
1463 2133 1497 2189 et
1512 2116 1648 2191 scholas
1665 2122 1847 2194 literarum
1864 2127 1909 2195 ad
1925 2133 2217 2201 conservationem
2231 2147 2310 2219 etpn

343 2251 405 2300 nee
420 2147 557 2298 acceia
572 2217 627 2294 ad
640 2245 788 2294 coenam
803 2219 973 2294 Domini.
1390 2221 1613 2314 pagationem
1635 2225 1816 2296 doctrinae
1840 2223 2089 2327 Evangelii‘⁸)
2113 2231 2179 2315 'ret
2199 2235 2233 2304 ad
2252 2245 2310 2300 tono

446 2321 596 2425 Siquis
621 2322 840 2398 contumelia
864 2321 986 2427 afficit
1008 2336 1193 2425 pastorem
1209 2324 1305 2398 Ecel
1320 2373 1339 2383 -
1389 2325 1719 2416 gubernationem.”
1788 2326 1880 2398 Nam
1917 2334 2082 2406 doctrina
2121 2323 2309 2422 christiaoa'⁸]

342 2434 432 2512 siae,
458 2439 525 2501 aut
542 2427 641 2500 alios
656 2423 864 2524 Evangelii
882 2427 1084 2507 ministros.
1390 2451 1464 2496 non
1478 2441 1529 2498 est
1542 2423 1774 2521 Philosophia
1789 2454 1852 2502 seu
1869 2435 1994 2506 notitia
2012 2439 2129 2508 indita
2145 2437 2309 2508 nascentibus

444 2531 491 2606 Si
512 2531 596 2633 quis
616 2525 724 2630 apud
740 2555 778 2601 se
798 2529 931 2629 palam
946 2542 1106 2604 scortum
1128 2543 1194 2604 aut
1211 2557 1340 2604 concu-
1390 2530 1482 2600 sicut
1501 2545 1561 2600 aut
1583 2555 1813 2604 numerorum
1850 2535 1995 2623 notitia,
2028 2555 2094 2611 aut
2119 2542 2200 2630 legis
2218 2553 2311 2608 natans

341 2637 468 2710 binam
487 2631 572 2706 alit.
1390 2634 1449 2702 sed
1478 2649 1531 2704 est
1555 2635 1759 2704 mirandum
1790 2637 1970 2708 decretum
1992 2639 2065 2712 Dei
2097 2643 2221 2714 aeterni
2240 2637 2308 2732 patris·

448 2733 558 2810 Side
581 2735 769 2812 adulterio
790 2734 968 2810 adversus
991 2734 1154 2836 aliquem
1176 2747 1243 2808 aut
1264 2736 1340 2808 ali-
1390 2734 1475 2818 tilii,
1497 2749 1531 2807 et
1552 2735 1706 2829 Spiritus
1724 2739 1856 2823 sancti,
1875 2742 1919 2808 de
1940 2743 2014 2812 filio
2039 2748 2237 2828 mediatore,
2253 2737 2311 2808 aa

342 2841 581 2966 quamsama
600 2837 812 2915 verisimilis
822 2841 962 2940 sertor.
1390 2837 1598 2908 remissione
1614 2847 1837 2932 peccatorum
1854 2865 1894 2910 ac
1917 2845 2145 2920 restitutione
2160 2849 2235 2920 vitae
2250 2855 2310 2911 aetu-

445 2941 492 3015 si
505 2942 589 3043 quis
603 2956 794 3045 quaestam
803 2943 906 3046 sacit
924 2942 1056 3014 usuris.
1390 2965 1473 3025 nae,
1498 2943 1594 3034 quod
1608 2945 1788 3015 decretum
1806 2967 1848 3012 ex
1863 2943 1944 3016 sinu
1970 2951 2108 3020 aeterni
2133 2949 2229 3044 patris
2246 2941 2311 3037 prole

446 3043 494 3117 Si
512 3045 652 3120 iuvenes
673 3058 900 3120 contumaees
923 3055 1049 3117 contra
1076 3053 1339 3145 parentesant
1390 3055 1465 3112 tum
1488 3043 1581 3114 lilius
1604 3043 1778 3136 patefecit.
1832 3043 1944 3140 quue
1960 3047 2061 3122 Deus
2087 3053 2194 3124 srolnit
2215 3043 2310 3118 anaadai

343 3149 463 3236 alios,
489 3149 623 3248 quibus
639 3147 885 3222 commendati
902 3158 1006 3233 sunt,
1034 3143 1169 3244 dedunt
1194 3175 1231 3218 se
1259 3143 1339 3218 ltel-
1389 3146 1521 3230 literis,
1546 3171 1609 3240 per
1624 3141 1821 3238 Prophetas
1838 3161 1871 3218 et
1885 3145 2081 3242 Apostolos
2098 3172 2133 3229 et
2153 3151 2258 3228 horum
2271 3143 2312 3216 sai·

343 3250 576 3327 litationibus
592 3263 623 3324 et
642 3247 855 3324 inhonestos
870 3247 978 3324 ludos
997 3263 1169 3326 exercent.
1389 3261 1448 3340 pta
1461 3248 1531 3338 legi
1546 3275 1585 3318 ac
1603 3249 1722 3320 audiri
1744 3251 1936 3327 mandavit.
1989 3256 2116 3345 Quare
2139 3253 2254 3330 etiamsi
2269 3247 2311 3318 ata

445 3355 541 3428 Haec
559 3353 779 3430 Consistoria
802 3349 936 3426 habent
950 3367 1157 3447 potestatem
1173 3356 1338 3426 terendae
1389 3363 1508 3440 gentes
1529 3364 1563 3421 ct
1583 3352 1771 3444 religiones
1795 3376 1912 3423 carere
1935 3357 2051 3430 literis
2079 3374 2230 3456 possent,
2249 3369 2311 3423 tarro

311 3555 314 3560 Ι
343 3461 538 3532 sentcntiae
554 3457 939 3531 excommunicationis.
965 3453 1014 3528 Et
1027 3460 1203 3530 sententia
1217 3459 1338 3528 mitta·
1389 3451 1546 3552 Ecclesia
1568 3451 1637 3524 Dei
1658 3479 1774 3526 carcre
1795 3454 1928 3544 literis,
1954 3461 2162 3552 linguarum
2183 3455 2310 3552 cognicio

342 3579 402 3636 tur
417 3565 460 3634 ad
476 3560 671 3633 Ecclesiam
689 3562 764 3632 eius
782 3561 868 3646 loci,
883 3561 947 3631 ubi
964 3561 1257 3633 excommunicati
1272 3563 1337 3630 do·
1389 3569 1423 3624 et
1444 3556 1645 3626 eruditione
1669 3582 1743 3628 non
1775 3572 1899 3649 potest.
1955 3560 2009 3634 Ac
2043 3569 2151 3638 valde
2182 3583 2254 3654 opus
2271 3570 2310 3622 css:

342 3667 517 3736 micilium
532 3679 601 3750 est,
627 3680 662 3736 et
683 3664 736 3733 ibi
750 3679 812 3735 aut
824 3664 992 3733 recitetur
1008 3665 1182 3734 sententia
1196 3665 1233 3732 in
1250 3687 1335 3732 con·
1389 3658 1485 3748 pios,
1517 3661 1692 3745 eruditos,
1726 3659 1859 3752 peritos
1892 3676 1926 3731 et
1964 3669 2162 3756 prudentes
2191 3661 2308 3758 Episcnp*

343 3769 465 3850 cioue,
480 3780 542 3838 aut
557 3765 686 3860 scripta
700 3767 864 3856 affigatur
877 3767 921 3834 ad
941 3766 1065 3856 templi
1079 3767 1238 3836 ianuam:
1266 3764 1337 3835 Po·
1389 3759 1563 3852 inspicere
1578 3756 1716 3834 scholas
1734 3776 1766 3832 et
1782 3763 1933 3834 maxime
1951 3763 2041 3838 hacc
2056 3774 2177 3842 studia
2191 3787 2283 3856 regere

341 3871 449 3962 polus
470 3894 553 3938 vero
576 3871 672 3941 iuxta
696 3870 854 3958 regulam
876 3867 980 3938 Pauli
1002 3871 1189 3954 doceatur,
1213 3893 1258 3938 ne
1273 3870 1337 3938 ad-
1489 3861 1650 3933 Primum
1660 3861 1895 3956 Theologica:
1915 3865 2065 3943 Necesse
2077 3885 2129 3944 est
2144 3871 2231 3943 enirn
2240 3865 2305 3954 aliqu

341 3969 464 4044 hibeat
493 3972 812 4042 excommunicatos
828 3966 877 4067 ⁴⁸)
906 3971 951 4039 ad
981 3969 1181 4042 societatem
1203 3967 1337 4042 olficio-
1390 3989 1515 4056 magna
1539 3968 1726 4039 autoritate
1752 3969 1928 4059 praeditos
1949 3997 2134 4064 praeesse,
2167 3975 2222 4067 qui
2241 3971 2298 4038 aad

341 4097 422 4145 rum
439 4073 779 4148 Ecclesiasticorum.
829 4069 895 4144 Est
916 4085 1034 4143 autem
1059 4088 1255 4146 contemtor
1279 4098 1337 4146 ex·
1388 4093 1433 4138 ne
1460 4069 1642 4140 doctrinae
1671 4065 1934 4142 Ecclesiastieac
1967 4079 2110 4166 puritas
2141 4076 2298 4160 corrunal'

343 4176 675 4248 communicationis
690 4201 756 4267 pro
770 4177 853 4247 lacti
868 4176 1063 4262 atrocitate,
1080 4189 1115 4246 et
1131 4201 1151 4246 a
1167 4190 1336 4268 potestate
1388 4197 1407 4244 a
1427 4172 1672 4264 petulantibus
1694 4189 1728 4244 et
1748 4174 1867 4266 pravis
1889 4173 2054 4265 ingeniis.
2110 4174 2306 4252 Retinendael

342 4279 500 4370 gladium
519 4293 660 4368 gerente
677 4279 902 4352 coercendus.
953 4277 1043 4348 Nam
1067 4294 1221 4371 potestas
1244 4279 1336 4372 poli·
1389 4289 1422 4345 et
1440 4275 1844 4364 doctrinaeconcordia,
1871 4290 1905 4348 et
1923 4281 2154 4353 voluntatum
2172 4263 2311 4352 coniuratis

341 4382 412 4452 tica
427 4378 622 4452 Ecclesiam
639 4381 677 4450 in
699 4383 830 4452 tuenda
845 4382 904 4473 pia
926 4381 1114 4466 disciplina
1129 4381 1252 4454 iuvare
1275 4383 1337 4452 dc·
1389 4377 1472 4472 quia
1499 4401 1601 4468 saepe
1626 4403 1666 4448 cx
1691 4379 1840 4470 privatis
1864 4381 1955 4450 odiis
1984 4384 2159 4456 oriuntur
2182 4385 2312 4470 dogmatos·

343 4485 421 4568 het,
446 4498 486 4554 ut
501 4481 610 4556 Rom.
626 4483 683 4554 ts.
707 4483 877 4575 scriptum
901 4501 969 4555 est:
1002 4475 1171 4558 Potestas
1191 4482 1241 4554 sit
1266 4493 1338 4556 ter·
1389 4479 1545 4553 dissidia.
1604 4478 1686 4550 Sint
1716 4482 1820 4550 ctiam
1850 4483 1976 4554 delecti
2003 4479 2173 4561 censuras
2196 4471 2315 4554 emditil

344 4584 423 4655 rori
439 4609 507 4683 pro
527 4582 630 4654 mala
653 4583 755 4677 aperi
774 4593 805 4656 et
828 4579 965 4657 honore
987 4581 1141 4678 afficiat
1163 4597 1251 4667 recte
1265 4587 1337 4686 sa·
1388 4606 1529 4672 graves,
1555 4583 2316 4681 quiiudiccnt,quaescriptaliceatedi,q1¹³l

344 4683 541 4782 cientes⁴⁰).
593 4685 642 4756 Et
654 4685 779 4758 Esaiae
795 4687 857 4762 48.
883 4681 1006 4783 Reges
1019 4699 1123 4758 erunt
1138 4688 1338 4760 nutritores
1389 4683 1715 4760 nonsintedenda.
1830 4717 1837 4727 ·

344 4786 546 4873 Ecclesiae,
580 4789 696 4872 idest,
715 4789 1338 4888 soveantetprotegantministros
1411 4853 1415 4862 .
1490 4785 1667 4866 Secundo.
1721 4786 2318 4892 luventutisstudia,quaeadcastr·

343 4887 553 4987 Evangelii
572 4899 604 4961 et
625 4903 788 4987 augeant
812 4893 1046 4964 reverentiam
1066 4891 1274 4989 Evangelii
1298 4895 1337 4965 in
1389 4903 1440 4960 tes
1462 4902 1496 4960 et
1517 4885 1658 4980 linguas
1681 4893 1941 4962 assuefacienda
1960 4909 2029 4980 est,
2059 4923 2152 4991 quae
2176 4877 2320 4964 necesstssl‘

341 4991 492 5094 populo.
1389 4991 1539 5062 suntad
1562 4992 1833 5083 explicationem
1858 4997 2074 5089 scriptorum
2091 4992 2320 5092 Prophetiam

445 5098 516 5170 Sed
533 5101 716 5191 praecedat
737 5100 775 5168 in
801 5099 968 5170 omnibus
986 5101 1116 5173 caussis
1131 5125 1214 5171 vera
1230 5116 1264 5172 et
1280 5103 1337 5194 pia
1390 5107 1425 5164 et
1436 5089 1737 5188 Apostolicorum

343 5203 514 5293 cognitio,
541 5225 581 5271 ac
605 5203 677 5274 sint
699 5202 835 5274 iudices
856 5227 931 5272 non
947 5203 1016 5272 soli
1036 5205 1250 5290 secerdotes,
1276 5207 1337 5274 sed
1393 5265 1619 5282 .....,,,..,,,,

343 5355 558 5370 *““””“”““““
1423 5353 1472 5424 47)
1491 5355 1552 5409 Pes.
1570 5355 1766 5425 dtamyestam.

379 5439 423 5505 ts)
442 5437 577 5490 adhibeat
590 5437 865 5506 excommunicatos]
883 5439 947 5494 Pes.
966 5440 1137 5496 adhibeatur
1156 5439 1233 5494 tatis.
1423 5441 1470 5507 ss)
1487 5439 1657 5508 Evangelii]
1673 5439 1737 5494 Rea.
1757 5441 1974 5500 maroe.

376 5524 422 5591 46)
440 5523 502 5577 Pes.
523 5523 631 5576 terrori
641 5525 811 5591 nralooperi
820 5534 848 5578 te
861 5527 966 5580 leonori
975 5527 1055 5580 dono.
1361 5518 1365 5577 i
1424 5526 1472 5588 49)
1492 5525 1663 5592 cterisn'ana]
1684 5523 1748 5578 Per..
1768 5527 1965 5582 adveneras.
