<?xml version="1.0" encoding="UTF-8"?>
<!DOCTYPE html PUBLIC "-//W3C//DTD XHTML 1.0 Transitional//EN"
    "http://www.w3.org/TR/xhtml1/DTD/xhtml1-transitional.dtd">
<html xmlns="http://www.w3.org/1999/xhtml" xml:lang="en" lang="en">
 <head>
  <title>
</title>
<meta http-equiv="Content-Type" content="text/html;charset=utf-8" />
  <meta name='ocr-system' content='tesseract 3.04.00' />
  <meta name='ocr-capabilities' content='ocr_page ocr_carea ocr_par ocr_line ocrx_word'/>
</head>
<body>
  <div class='ocr_page' id='page_1' title='image "./copusreformator00bretgoog_0115.png"; bbox 0 0 4842 6256; ppageno 0'>
   <div class='ocr_carea' id='block_1_1' title="bbox 107 277 2270 420">
    <p class='ocr_par' dir='ltr' id='par_1_1' title="bbox 107 277 2270 420">
     <span class='ocr_line' id='line_1_1' title="bbox 107 277 2270 420; baseline -0.006 -4"><span class='ocrx_word' id='word_1_1' title='bbox 107 331 185 416; x_wconf 74' lang='lat'><strong>15⁷</strong></span> <span class='ocrx_word' id='word_1_2' title='bbox 346 331 359 344; x_wconf 85' lang='lat'><strong>·</strong></span> <span class='ocrx_word' id='word_1_3' title='bbox 686 331 1127 414; x_wconf 76' lang='lat' dir='ltr'><strong>umsronanuu</strong></span> <span class='ocrx_word' id='word_1_4' title='bbox 1177 336 1290 419; x_wconf 77' lang='lat' dir='ltr'><strong>ura.</strong></span> <span class='ocrx_word' id='word_1_5' title='bbox 1322 339 1387 420; x_wconf 82' lang='lat' dir='ltr'><strong>rx.</strong></span> <span class='ocrx_word' id='word_1_6' title='bbox 1441 337 1576 418; x_wconf 73' lang='lat' dir='ltr'><strong>iata</strong></span> <span class='ocrx_word' id='word_1_7' title='bbox 2082 328 2157 406; x_wconf 81' lang='lat' dir='ltr'><strong>ua</strong></span> <span class='ocrx_word' id='word_1_8' title='bbox 2263 277 2270 286; x_wconf 72' lang='grc'><strong><em>’</em></strong></span> 
     </span>
    </p>
   </div>
   <div class='ocr_carea' id='block_1_2' title="bbox 102 503 2184 2233">
    <p class='ocr_par' dir='ltr' id='par_1_2' title="bbox 102 503 2184 2136">
     <span class='ocr_line' id='line_1_2' title="bbox 105 503 2155 612; baseline -0.003 -30"><span class='ocrx_word' id='word_1_9' title='bbox 105 511 246 582; x_wconf 88' lang='lat' dir='ltr'><strong>animas</strong></span> <span class='ocrx_word' id='word_1_10' title='bbox 267 521 408 580; x_wconf 88' lang='lat' dir='ltr'><strong>nostras</strong></span> <span class='ocrx_word' id='word_1_11' title='bbox 427 509 687 612; x_wconf 20' lang='lat' dir='ltr'><strong>»cmciligentem</strong></span> <span class='ocrx_word' id='word_1_12' title='bbox 709 511 795 582; x_wconf 90' lang='lat' dir='ltr'><strong>dom</strong></span> <span class='ocrx_word' id='word_1_13' title='bbox 815 511 994 599; x_wconf 87' lang='lat' dir='ltr'><strong>videmus,</strong></span> <span class='ocrx_word' id='word_1_14' title='bbox 1016 535 1108 606; x_wconf 89' lang='lat' dir='ltr'><strong>quo-</strong></span> <span class='ocrx_word' id='word_1_15' title='bbox 1156 511 1344 606; x_wconf 88' lang='lat' dir='ltr'><strong>quillitate.</strong></span> <span class='ocrx_word' id='word_1_16' title='bbox 1394 509 1512 584; x_wconf 90' lang='lat' dir='ltr'><strong>Multa</strong></span> <span class='ocrx_word' id='word_1_17' title='bbox 1529 511 1641 604; x_wconf 89' lang='lat' dir='ltr'><strong>igitur</strong></span> <span class='ocrx_word' id='word_1_18' title='bbox 1658 509 1855 584; x_wconf 75' lang='lat' dir='ltr'><strong>sciscitatus</strong></span> <span class='ocrx_word' id='word_1_19' title='bbox 1877 531 1958 580; x_wconf 87' lang='lat' dir='ltr'><strong>cum</strong></span> <span class='ocrx_word' id='word_1_20' title='bbox 1979 503 2155 592; x_wconf 82' lang='lat' dir='ltr'><strong>audirem,</strong></span> 
     </span>
     <span class='ocr_line' id='line_1_3' title="bbox 105 610 2149 708; baseline -0.002 -23"><span class='ocrx_word' id='word_1_21' title='bbox 105 615 173 690; x_wconf 89' lang='lat' dir='ltr'><strong>ties</strong></span> <span class='ocrx_word' id='word_1_22' title='bbox 197 611 437 708; x_wconf 80' lang='lat' dir='ltr'><strong>prospicimus</strong></span> <span class='ocrx_word' id='word_1_23' title='bbox 460 610 590 683; x_wconf 83' lang='lat' dir='ltr'><strong>advehi</strong></span> <span class='ocrx_word' id='word_1_24' title='bbox 610 614 863 707; x_wconf 89' lang='lat' dir='ltr'><strong>supellectilem</strong></span> <span class='ocrx_word' id='word_1_25' title='bbox 888 615 1109 690; x_wconf 87' lang='lat' dir='ltr'><strong>miserrimo·</strong></span> <span class='ocrx_word' id='word_1_26' title='bbox 1155 629 1190 686; x_wconf 89' lang='lat' dir='ltr'><strong>te</strong></span> <span class='ocrx_word' id='word_1_27' title='bbox 1206 616 1397 688; x_wconf 89' lang='lat' dir='ltr'><strong>liberatum</strong></span> <span class='ocrx_word' id='word_1_28' title='bbox 1414 627 1576 686; x_wconf 83' lang='lat' dir='ltr'><strong>essetota</strong></span> <span class='ocrx_word' id='word_1_29' title='bbox 1590 613 1751 684; x_wconf 87' lang='lat' dir='ltr'><strong>molestia</strong></span> <span class='ocrx_word' id='word_1_30' title='bbox 1767 612 1918 698; x_wconf 80' lang='lat' dir='ltr'><strong>tutelae,</strong></span> <span class='ocrx_word' id='word_1_31' title='bbox 1946 624 1979 681; x_wconf 90' lang='lat' dir='ltr'><strong>et</strong></span> <span class='ocrx_word' id='word_1_32' title='bbox 1994 634 2071 681; x_wconf 87' lang='lat' dir='ltr'><strong>non</strong></span> <span class='ocrx_word' id='word_1_33' title='bbox 2090 633 2149 680; x_wconf 87' lang='lat' dir='ltr'><strong>so·</strong></span> 
     </span>
     <span class='ocr_line' id='line_1_4' title="bbox 105 708 2152 811; baseline -0.004 -22"><span class='ocrx_word' id='word_1_34' title='bbox 105 741 189 790; x_wconf 89' lang='lat' dir='ltr'><strong>rum</strong></span> <span class='ocrx_word' id='word_1_35' title='bbox 204 715 434 786; x_wconf 87' lang='lat' dir='ltr'><strong>rusticorum.</strong></span> <span class='ocrx_word' id='word_1_36' title='bbox 486 713 568 786; x_wconf 88' lang='lat' dir='ltr'><strong>Nou</strong></span> <span class='ocrx_word' id='word_1_37' title='bbox 585 711 996 788; x_wconf 86' lang='lat' dir='ltr'><strong>&#39;mirorMelancholiam</strong></span> <span class='ocrx_word' id='word_1_38' title='bbox 1023 711 1108 786; x_wconf 90' lang='lat' dir='ltr'><strong>hinc</strong></span> <span class='ocrx_word' id='word_1_39' title='bbox 1154 718 1230 788; x_wconf 92' lang='lat' dir='ltr'><strong>lum</strong></span> <span class='ocrx_word' id='word_1_40' title='bbox 1246 719 1322 788; x_wconf 89' lang='lat' dir='ltr'><strong>sine</strong></span> <span class='ocrx_word' id='word_1_41' title='bbox 1337 717 1508 811; x_wconf 86' lang='lat' dir='ltr'><strong>pericula,</strong></span> <span class='ocrx_word' id='word_1_42' title='bbox 1532 715 1591 787; x_wconf 86' lang='lat' dir='ltr'><strong>sed</strong></span> <span class='ocrx_word' id='word_1_43' title='bbox 1610 717 1807 787; x_wconf 87' lang='lat' dir='ltr'><strong>etiamsiue</strong></span> <span class='ocrx_word' id='word_1_44' title='bbox 1822 715 1906 786; x_wconf 91' lang='lat' dir='ltr'><strong>odio</strong></span> <span class='ocrx_word' id='word_1_45' title='bbox 1923 708 2152 804; x_wconf 87' lang='lat' dir='ltr'><strong>Erphordiae</strong></span> 
     </span>
     <span class='ocr_line' id='line_1_5' title="bbox 106 796 2149 913; baseline -0.004 -23"><span class='ocrx_word' id='word_1_46' title='bbox 106 812 350 910; x_wconf 82' lang='lat' dir='ltr'><strong>engerimibi.</strong></span> <span class='ocrx_word' id='word_1_47' title='bbox 402 813 445 886; x_wconf 90' lang='lat' dir='ltr'><strong>ln</strong></span> <span class='ocrx_word' id='word_1_48' title='bbox 460 813 619 889; x_wconf 84' lang='lat' dir='ltr'><strong>Caesaris</strong></span> <span class='ocrx_word' id='word_1_49' title='bbox 635 821 827 890; x_wconf 88' lang='lat' dir='ltr'><strong>adveutum</strong></span> <span class='ocrx_word' id='word_1_50' title='bbox 851 833 996 910; x_wconf 86' lang='lat' dir='ltr'><strong>paratur</strong></span> <span class='ocrx_word' id='word_1_51' title='bbox 1011 815 1108 888; x_wconf 80' lang='lat' dir='ltr'><strong>Can·</strong></span> <span class='ocrx_word' id='word_1_52' title='bbox 1154 819 1274 890; x_wconf 89' lang='lat' dir='ltr'><strong>vivere</strong></span> <span class='ocrx_word' id='word_1_53' title='bbox 1288 843 1401 913; x_wconf 89' lang='lat' dir='ltr'><strong>posse,</strong></span> <span class='ocrx_word' id='word_1_54' title='bbox 1425 819 1565 890; x_wconf 85' lang='lat' dir='ltr'><strong>decrevi</strong></span> <span class='ocrx_word' id='word_1_55' title='bbox 1582 813 1647 888; x_wconf 88' lang='lat' dir='ltr'><strong>hac</strong></span> <span class='ocrx_word' id='word_1_56' title='bbox 1661 820 1706 887; x_wconf 89' lang='lat' dir='ltr'><strong>de</strong></span> <span class='ocrx_word' id='word_1_57' title='bbox 1720 841 1853 888; x_wconf 87' lang='lat' dir='ltr'><strong>recum</strong></span> <span class='ocrx_word' id='word_1_58' title='bbox 1868 796 2149 886; x_wconf 78' lang='lat' dir='ltr'><strong>IoochimoCn—</strong></span> 
     </span>
     <span class='ocr_line' id='line_1_6' title="bbox 108 907 2149 1015; baseline -0.005 -21"><span class='ocrx_word' id='word_1_59' title='bbox 108 920 252 994; x_wconf 85' lang='lat' dir='ltr'><strong>cellaria</strong></span> <span class='ocrx_word' id='word_1_60' title='bbox 274 917 436 993; x_wconf 88' lang='lat' dir='ltr'><strong>Bonnae.</strong></span> <span class='ocrx_word' id='word_1_61' title='bbox 494 917 704 1012; x_wconf 82' lang='lat' dir='ltr'><strong>Mogontiae</strong></span> <span class='ocrx_word' id='word_1_62' title='bbox 733 916 850 992; x_wconf 83' lang='lat' dir='ltr'><strong>adhuc</strong></span> <span class='ocrx_word' id='word_1_63' title='bbox 871 935 922 991; x_wconf 91' lang='lat' dir='ltr'><strong>est</strong></span> <span class='ocrx_word' id='word_1_64' title='bbox 944 907 1108 990; x_wconf 79' lang='lat' dir='ltr'><strong>Carolus</strong></span> <span class='ocrx_word' id='word_1_65' title='bbox 1154 920 1334 1009; x_wconf 84' lang='lat' dir='ltr'><strong>merario,</strong></span> <span class='ocrx_word' id='word_1_66' title='bbox 1359 945 1463 1015; x_wconf 88' lang='lat' dir='ltr'><strong>quem</strong></span> <span class='ocrx_word' id='word_1_67' title='bbox 1487 920 1562 992; x_wconf 87' lang='lat' dir='ltr'><strong>scio</strong></span> <span class='ocrx_word' id='word_1_68' title='bbox 1579 919 1632 991; x_wconf 88' lang='lat' dir='ltr'><strong>toi</strong></span> <span class='ocrx_word' id='word_1_69' title='bbox 1646 921 1928 990; x_wconf 84' lang='lat' dir='ltr'><strong>amantissimum</strong></span> <span class='ocrx_word' id='word_1_70' title='bbox 1941 941 2034 1004; x_wconf 86' lang='lat' dir='ltr'><strong>esse,</strong></span> <span class='ocrx_word' id='word_1_71' title='bbox 2059 931 2092 988; x_wconf 91' lang='lat' dir='ltr'><strong>et</strong></span> <span class='ocrx_word' id='word_1_72' title='bbox 2109 917 2149 985; x_wconf 90' lang='lat' dir='ltr'><strong>iu</strong></span> 
     </span>
     <span class='ocr_line' id='line_1_7' title="bbox 110 1013 2149 1116; baseline -0.004 -21"><span class='ocrx_word' id='word_1_73' title='bbox 110 1026 201 1096; x_wconf 88' lang='lat' dir='ltr'><strong>dum</strong></span> <span class='ocrx_word' id='word_1_74' title='bbox 216 1013 496 1116; x_wconf 79' lang='lat' dir='ltr'><strong>haccscribo*),</strong></span> <span class='ocrx_word' id='word_1_75' title='bbox 520 1025 578 1092; x_wconf 88' lang='lat' dir='ltr'><strong>vel</strong></span> <span class='ocrx_word' id='word_1_76' title='bbox 594 1021 788 1096; x_wconf 89' lang='lat' dir='ltr'><strong>initinere.</strong></span> <span class='ocrx_word' id='word_1_77' title='bbox 834 1017 998 1110; x_wconf 78' lang='lat' dir='ltr'><strong>Christus</strong></span> <span class='ocrx_word' id='word_1_78' title='bbox 1012 1021 1109 1114; x_wconf 87' lang='lat' dir='ltr'><strong>opti·</strong></span> <span class='ocrx_word' id='word_1_79' title='bbox 1155 1026 1274 1095; x_wconf 91' lang='lat' dir='ltr'><strong>dando</strong></span> <span class='ocrx_word' id='word_1_80' title='bbox 1288 1025 1437 1094; x_wconf 88' lang='lat' dir='ltr'><strong>consilio</strong></span> <span class='ocrx_word' id='word_1_81' title='bbox 1451 1046 1527 1093; x_wconf 87' lang='lat' dir='ltr'><strong>nou</strong></span> <span class='ocrx_word' id='word_1_82' title='bbox 1539 1023 1655 1094; x_wconf 88' lang='lat' dir='ltr'><strong>solum</strong></span> <span class='ocrx_word' id='word_1_83' title='bbox 1670 1021 1833 1108; x_wconf 88' lang='lat' dir='ltr'><strong>fidelem,</strong></span> <span class='ocrx_word' id='word_1_84' title='bbox 1852 1021 1912 1092; x_wconf 85' lang='lat' dir='ltr'><strong>sed</strong></span> <span class='ocrx_word' id='word_1_85' title='bbox 1931 1020 2036 1092; x_wconf 86' lang='lat' dir='ltr'><strong>etiam</strong></span> <span class='ocrx_word' id='word_1_86' title='bbox 2062 1017 2149 1088; x_wconf 87' lang='lat' dir='ltr'><strong>dili-</strong></span> 
     </span>
     <span class='ocr_line' id='line_1_8' title="bbox 115 1117 2151 1219; baseline -0.002 -25"><span class='ocrx_word' id='word_1_87' title='bbox 115 1147 199 1196; x_wconf 86' lang='lat' dir='ltr'><strong>rnus</strong></span> <span class='ocrx_word' id='word_1_88' title='bbox 212 1122 379 1194; x_wconf 81' lang='lat' dir='ltr'><strong>maximus</strong></span> <span class='ocrx_word' id='word_1_89' title='bbox 392 1124 538 1216; x_wconf 88' lang='lat' dir='ltr'><strong>aspiciat</strong></span> <span class='ocrx_word' id='word_1_90' title='bbox 552 1147 608 1195; x_wconf 89' lang='lat' dir='ltr'><strong>res</strong></span> <span class='ocrx_word' id='word_1_91' title='bbox 621 1123 879 1196; x_wconf 84' lang='lat' dir='ltr'><strong>adflictissimas</strong></span> <span class='ocrx_word' id='word_1_92' title='bbox 893 1121 1107 1194; x_wconf 89' lang='lat' dir='ltr'><strong>Germaniae</strong></span> <span class='ocrx_word' id='word_1_93' title='bbox 1154 1141 1276 1216; x_wconf 87' lang='lat' dir='ltr'><strong>genter</strong></span> <span class='ocrx_word' id='word_1_94' title='bbox 1305 1125 1425 1196; x_wconf 87' lang='lat' dir='ltr'><strong>omnia</strong></span> <span class='ocrx_word' id='word_1_95' title='bbox 1453 1123 1812 1215; x_wconf 77' lang='lat' dir='ltr'><strong>circumspicientem,</strong></span> <span class='ocrx_word' id='word_1_96' title='bbox 1850 1145 1941 1219; x_wconf 88' lang='lat' dir='ltr'><strong>quae</strong></span> <span class='ocrx_word' id='word_1_97' title='bbox 1966 1117 2151 1214; x_wconf 84' lang='lat' dir='ltr'><strong>provideri</strong></span> 
     </span>
     <span class='ocr_line' id='line_1_9' title="bbox 118 1219 2150 1322; baseline -0.002 -24"><span class='ocrx_word' id='word_1_98' title='bbox 118 1226 513 1316; x_wconf 81' lang='lat' dir='ltr'><strong>acmisereaturnostri.</strong></span> <span class='ocrx_word' id='word_1_99' title='bbox 561 1225 714 1319; x_wconf 79' lang='lat' dir='ltr'><strong>Reliqua</strong></span> <span class='ocrx_word' id='word_1_100' title='bbox 736 1227 780 1296; x_wconf 85' lang='lat' dir='ltr'><strong>ab</strong></span> <span class='ocrx_word' id='word_1_101' title='bbox 800 1221 869 1298; x_wconf 92' lang='lat' dir='ltr'><strong>hoc</strong></span> <span class='ocrx_word' id='word_1_102' title='bbox 894 1226 1009 1298; x_wconf 91' lang='lat' dir='ltr'><strong>nobili</strong></span> <span class='ocrx_word' id='word_1_103' title='bbox 1031 1239 1107 1296; x_wconf 90' lang='lat' dir='ltr'><strong>stu·</strong></span> <span class='ocrx_word' id='word_1_104' title='bbox 1154 1244 1320 1320; x_wconf 83' lang='lat' dir='ltr'><strong>possunt,</strong></span> <span class='ocrx_word' id='word_1_105' title='bbox 1353 1227 1520 1322; x_wconf 85' lang='lat' dir='ltr'><strong>colloqui.</strong></span> <span class='ocrx_word' id='word_1_106' title='bbox 1575 1223 1652 1316; x_wconf 80' lang='lat' dir='ltr'><strong>Ego</strong></span> <span class='ocrx_word' id='word_1_107' title='bbox 1674 1225 1819 1319; x_wconf 86' lang='lat' dir='ltr'><strong>quidem</strong></span> <span class='ocrx_word' id='word_1_108' title='bbox 1839 1225 1887 1296; x_wconf 90' lang='lat' dir='ltr'><strong>ita</strong></span> <span class='ocrx_word' id='word_1_109' title='bbox 1909 1224 2042 1310; x_wconf 87' lang='lat' dir='ltr'><strong>sentio;</strong></span> <span class='ocrx_word' id='word_1_110' title='bbox 2077 1219 2150 1294; x_wconf 85' lang='lat' dir='ltr'><strong>Er-</strong></span> 
     </span>
     <span class='ocr_line' id='line_1_10' title="bbox 115 1325 2150 1420; baseline -0.002 -22"><span class='ocrx_word' id='word_1_111' title='bbox 115 1329 233 1411; x_wconf 82' lang='lat' dir='ltr'><strong>dioso,</strong></span> <span class='ocrx_word' id='word_1_112' title='bbox 261 1325 327 1420; x_wconf 87' lang='lat' dir='ltr'><strong>qui</strong></span> <span class='ocrx_word' id='word_1_113' title='bbox 350 1326 547 1418; x_wconf 88' lang='lat' dir='ltr'><strong>pietatis-et</strong></span> <span class='ocrx_word' id='word_1_114' title='bbox 570 1329 779 1420; x_wconf 86' lang='lat' dir='ltr'><strong>disciplinae</strong></span> <span class='ocrx_word' id='word_1_115' title='bbox 802 1328 914 1418; x_wconf 90' lang='lat' dir='ltr'><strong>gratia</strong></span> <span class='ocrx_word' id='word_1_116' title='bbox 927 1325 1109 1399; x_wconf 87' lang='lat' dir='ltr'><strong>Wittcm-</strong></span> <span class='ocrx_word' id='word_1_117' title='bbox 1154 1333 1306 1401; x_wconf 83' lang='lat' dir='ltr'><strong>fordiam</strong></span> <span class='ocrx_word' id='word_1_118' title='bbox 1330 1329 1407 1400; x_wconf 90' lang='lat' dir='ltr'><strong>sine</strong></span> <span class='ocrx_word' id='word_1_119' title='bbox 1431 1329 1594 1399; x_wconf 83' lang='lat' dir='ltr'><strong>maximis</strong></span> <span class='ocrx_word' id='word_1_120' title='bbox 1613 1329 1726 1398; x_wconf 90' lang='lat' dir='ltr'><strong>causis</strong></span> <span class='ocrx_word' id='word_1_121' title='bbox 1749 1351 1826 1396; x_wconf 86' lang='lat' dir='ltr'><strong>nou</strong></span> <span class='ocrx_word' id='word_1_122' title='bbox 1847 1349 1920 1396; x_wconf 86' lang='lat' dir='ltr'><strong>esse</strong></span> <span class='ocrx_word' id='word_1_123' title='bbox 1940 1326 2150 1418; x_wconf 86' lang='lat' dir='ltr'><strong>relinquen-</strong></span> 
     </span>
     <span class='ocr_line' id='line_1_11' title="bbox 107 1423 2150 1525; baseline -0.003 -23"><span class='ocrx_word' id='word_1_124' title='bbox 107 1431 253 1518; x_wconf 74' lang='lat' dir='ltr'><strong>bergem</strong></span> <span class='ocrx_word' id='word_1_125' title='bbox 277 1430 400 1514; x_wconf 89' lang='lat' dir='ltr'><strong>vadet,</strong></span> <span class='ocrx_word' id='word_1_126' title='bbox 437 1453 542 1523; x_wconf 90' lang='lat' dir='ltr'><strong>quem</strong></span> <span class='ocrx_word' id='word_1_127' title='bbox 564 1433 851 1500; x_wconf 90' lang='lat' dir='ltr'><strong>commendatum</strong></span> <span class='ocrx_word' id='word_1_128' title='bbox 871 1454 937 1524; x_wconf 91' lang='lat' dir='ltr'><strong>pro</strong></span> <span class='ocrx_word' id='word_1_129' title='bbox 959 1443 1018 1500; x_wconf 90' lang='lat' dir='ltr'><strong>tua</strong></span> <span class='ocrx_word' id='word_1_130' title='bbox 1038 1423 1106 1498; x_wconf 93' lang='lat' dir='ltr'><strong>hu-</strong></span> <span class='ocrx_word' id='word_1_131' title='bbox 1154 1436 1255 1515; x_wconf 89' lang='lat' dir='ltr'><strong>dam,</strong></span> <span class='ocrx_word' id='word_1_132' title='bbox 1282 1432 1488 1525; x_wconf 85' lang='lat' dir='ltr'><strong>praesertim</strong></span> <span class='ocrx_word' id='word_1_133' title='bbox 1505 1425 1573 1502; x_wconf 90' lang='lat' dir='ltr'><strong>hoc</strong></span> <span class='ocrx_word' id='word_1_134' title='bbox 1588 1444 1764 1522; x_wconf 88' lang='lat' dir='ltr'><strong>tempore,</strong></span> <span class='ocrx_word' id='word_1_135' title='bbox 1785 1453 1865 1500; x_wconf 91' lang='lat' dir='ltr'><strong>cum</strong></span> <span class='ocrx_word' id='word_1_136' title='bbox 1885 1425 2150 1518; x_wconf 83' lang='lat' dir='ltr'><strong>iuPrincipum</strong></span> 
     </span>
     <span class='ocr_line' id='line_1_12' title="bbox 105 1524 2150 1628; baseline -0 -28"><span class='ocrx_word' id='word_1_137' title='bbox 105 1531 279 1601; x_wconf 78' lang='lat' dir='ltr'><strong>manicare</strong></span> <span class='ocrx_word' id='word_1_138' title='bbox 301 1524 461 1626; x_wconf 80' lang='lat' dir='ltr'><strong>habebis.</strong></span> <span class='ocrx_word' id='word_1_139' title='bbox 517 1529 663 1604; x_wconf 82' lang='lat' dir='ltr'><strong>Releret</strong></span> <span class='ocrx_word' id='word_1_140' title='bbox 683 1527 867 1602; x_wconf 87' lang='lat' dir='ltr'><strong>historiam</strong></span> <span class='ocrx_word' id='word_1_141' title='bbox 891 1532 998 1625; x_wconf 88' lang='lat' dir='ltr'><strong>plane</strong></span> <span class='ocrx_word' id='word_1_142' title='bbox 1021 1524 1108 1602; x_wconf 92' lang='lat' dir='ltr'><strong>hor·</strong></span> <span class='ocrx_word' id='word_1_143' title='bbox 1154 1535 1313 1628; x_wconf 88' lang='lat' dir='ltr'><strong>imperiis</strong></span> <span class='ocrx_word' id='word_1_144' title='bbox 1329 1535 1481 1604; x_wconf 90' lang='lat' dir='ltr'><strong>subinde</strong></span> <span class='ocrx_word' id='word_1_145' title='bbox 1499 1533 1650 1604; x_wconf 84' lang='lat' dir='ltr'><strong>existant</strong></span> <span class='ocrx_word' id='word_1_146' title='bbox 1661 1531 1770 1604; x_wconf 87' lang='lat' dir='ltr'><strong>subiti</strong></span> <span class='ocrx_word' id='word_1_147' title='bbox 1786 1544 1820 1601; x_wconf 89' lang='lat' dir='ltr'><strong>et</strong></span> <span class='ocrx_word' id='word_1_148' title='bbox 1841 1525 1991 1604; x_wconf 79' lang='grc' dir='ltr'><strong>πανικοὶ</strong></span> <span class='ocrx_word' id='word_1_149' title='bbox 2014 1529 2150 1602; x_wconf 85' lang='lat' dir='ltr'><strong>tumul·</strong></span> 
     </span>
     <span class='ocr_line' id='line_1_13' title="bbox 105 1628 2150 1729; baseline -0.001 -26"><span class='ocrx_word' id='word_1_150' title='bbox 105 1628 279 1704; x_wconf 89' lang='lat' dir='ltr'><strong>rendam!</strong></span> <span class='ocrx_word' id='word_1_151' title='bbox 322 1633 366 1700; x_wconf 92' lang='lat' dir='ltr'><strong>de</strong></span> <span class='ocrx_word' id='word_1_152' title='bbox 397 1633 466 1724; x_wconf 85' lang='lat' dir='ltr'><strong>piis</strong></span> <span class='ocrx_word' id='word_1_153' title='bbox 485 1633 688 1704; x_wconf 57' lang='lat' dir='ltr'><strong>‘combustis</strong></span> <span class='ocrx_word' id='word_1_154' title='bbox 716 1631 881 1705; x_wconf 90' lang='lat' dir='ltr'><strong>Lovauii.</strong></span> <span class='ocrx_word' id='word_1_155' title='bbox 940 1633 1107 1704; x_wconf 83' lang='lat' dir='ltr'><strong>Salutant</strong></span> <span class='ocrx_word' id='word_1_156' title='bbox 1153 1651 1225 1708; x_wconf 84' lang='lat' dir='ltr'><strong>tus..</strong></span> <span class='ocrx_word' id='word_1_157' title='bbox 1282 1634 1550 1729; x_wconf 89' lang='lat' dir='ltr'><strong>Qualiscunque</strong></span> <span class='ocrx_word' id='word_1_158' title='bbox 1575 1649 1684 1705; x_wconf 86' lang='lat' dir='ltr'><strong>status</strong></span> <span class='ocrx_word' id='word_1_159' title='bbox 1709 1645 1762 1704; x_wconf 85' lang='lat' dir='ltr'><strong>est</strong></span> <span class='ocrx_word' id='word_1_160' title='bbox 1783 1632 1993 1716; x_wconf 81' lang='lat' dir='ltr'><strong>civitatum,</strong></span> <span class='ocrx_word' id='word_1_161' title='bbox 2028 1643 2150 1701; x_wconf 70' lang='lat' dir='ltr'><strong>taruco</strong></span> 
     </span>
     <span class='ocr_line' id='line_1_14' title="bbox 104 1724 2149 1834; baseline -0.002 -30"><span class='ocrx_word' id='word_1_162' title='bbox 104 1737 178 1804; x_wconf 87' lang='lat' dir='ltr'><strong>mei</strong></span> <span class='ocrx_word' id='word_1_163' title='bbox 194 1724 417 1828; x_wconf 78' lang='lat' dir='ltr'><strong>Philippum</strong></span> <span class='ocrx_word' id='word_1_164' title='bbox 431 1760 471 1806; x_wconf 92' lang='lat' dir='ltr'><strong>ac</strong></span> <span class='ocrx_word' id='word_1_165' title='bbox 485 1755 579 1808; x_wconf 86' lang='lat' dir='ltr'><strong>suos.</strong></span> <span class='ocrx_word' id='word_1_166' title='bbox 624 1731 813 1806; x_wconf 77' lang='lat' dir='ltr'><strong>Eusebius</strong></span> <span class='ocrx_word' id='word_1_167' title='bbox 828 1758 865 1806; x_wconf 91' lang='lat' dir='ltr'><strong>se</strong></span> <span class='ocrx_word' id='word_1_168' title='bbox 880 1734 1108 1834; x_wconf 78' lang='lat' dir='ltr'><strong>singulariter</strong></span> <span class='ocrx_word' id='word_1_169' title='bbox 1153 1740 1390 1809; x_wconf 87' lang='lat' dir='ltr'><strong>moderatiora</strong></span> <span class='ocrx_word' id='word_1_170' title='bbox 1408 1739 1458 1808; x_wconf 89' lang='lat' dir='ltr'><strong>ibi</strong></span> <span class='ocrx_word' id='word_1_171' title='bbox 1473 1751 1556 1808; x_wconf 88' lang='lat' dir='ltr'><strong>suut</strong></span> <span class='ocrx_word' id='word_1_172' title='bbox 1569 1735 1736 1828; x_wconf 87' lang='lat' dir='ltr'><strong>imperia,</strong></span> <span class='ocrx_word' id='word_1_173' title='bbox 1763 1747 1798 1804; x_wconf 91' lang='lat' dir='ltr'><strong>et</strong></span> <span class='ocrx_word' id='word_1_174' title='bbox 1820 1734 1952 1806; x_wconf 86' lang='lat' dir='ltr'><strong>certior</strong></span> <span class='ocrx_word' id='word_1_175' title='bbox 1972 1744 2024 1804; x_wconf 83' lang='lat' dir='ltr'><strong>est</strong></span> <span class='ocrx_word' id='word_1_176' title='bbox 2047 1743 2149 1802; x_wconf 82' lang='lat' dir='ltr'><strong>trau-</strong></span> 
     </span>
     <span class='ocr_line' id='line_1_15' title="bbox 102 1835 2148 1934; baseline -0.002 -28"><span class='ocrx_word' id='word_1_177' title='bbox 102 1838 173 1906; x_wconf 88' lang='lat' dir='ltr'><strong>tibi</strong></span> <span class='ocrx_word' id='word_1_178' title='bbox 198 1837 435 1910; x_wconf 89' lang='lat' dir='ltr'><strong>commendat.</strong></span> <span class='ocrx_word' id='word_1_179' title='bbox 493 1835 664 1926; x_wconf 89' lang='lat' dir='ltr'><strong>Bonnae,</strong></span> <span class='ocrx_word' id='word_1_180' title='bbox 703 1837 875 1932; x_wconf 86' lang='lat' dir='ltr'><strong>postridie</strong></span> <span class='ocrx_word' id='word_1_181' title='bbox 907 1836 1105 1924; x_wconf 71' lang='lat' dir='ltr'><strong>Laurentii.</strong></span> <span class='ocrx_word' id='word_1_182' title='bbox 1154 1843 1329 1934; x_wconf 86' lang='lat' dir='ltr'><strong>quillitas‚</strong></span> <span class='ocrx_word' id='word_1_183' title='bbox 1355 1863 1462 1934; x_wconf 87' lang='lat' dir='ltr'><strong>quam</strong></span> <span class='ocrx_word' id='word_1_184' title='bbox 1477 1841 1515 1909; x_wconf 90' lang='lat' dir='ltr'><strong>iu</strong></span> <span class='ocrx_word' id='word_1_185' title='bbox 1532 1838 1740 1930; x_wconf 87' lang='lat' dir='ltr'><strong>Principum</strong></span> <span class='ocrx_word' id='word_1_186' title='bbox 1757 1835 2030 1928; x_wconf 79' lang='lat' dir='ltr'><strong>gubernatione,</strong></span> <span class='ocrx_word' id='word_1_187' title='bbox 2056 1854 2148 1926; x_wconf 84' lang='lat' dir='ltr'><strong>quae</strong></span> 
     </span>
     <span class='ocr_line' id='line_1_16' title="bbox 104 1935 2146 2036; baseline -0.005 -21"><span class='ocrx_word' id='word_1_188' title='bbox 104 1936 222 2016; x_wconf 77' lang='lat'><strong>1543.</strong></span> <span class='ocrx_word' id='word_1_189' title='bbox 728 1979 736 1992; x_wconf 90' lang='lat'><strong>·</strong></span> <span class='ocrx_word' id='word_1_190' title='bbox 1153 1965 1249 2012; x_wconf 92' lang='lat' dir='ltr'><strong>nunc</strong></span> <span class='ocrx_word' id='word_1_191' title='bbox 1263 1943 1407 2036; x_wconf 90' lang='lat' dir='ltr'><strong>quidem</strong></span> <span class='ocrx_word' id='word_1_192' title='bbox 1422 1941 1656 2012; x_wconf 88' lang='lat' dir='ltr'><strong>incertissima</strong></span> <span class='ocrx_word' id='word_1_193' title='bbox 1678 1953 1748 2026; x_wconf 91' lang='lat' dir='ltr'><strong>est,</strong></span> <span class='ocrx_word' id='word_1_194' title='bbox 1782 1949 1817 2008; x_wconf 89' lang='lat' dir='ltr'><strong>et</strong></span> <span class='ocrx_word' id='word_1_195' title='bbox 1839 1937 1946 2008; x_wconf 90' lang='lat' dir='ltr'><strong>alicui</strong></span> <span class='ocrx_word' id='word_1_196' title='bbox 1969 1959 2046 2005; x_wconf 88' lang='lat' dir='ltr'><strong>non</strong></span> <span class='ocrx_word' id='word_1_197' title='bbox 2069 1935 2146 2004; x_wconf 85' lang='lat' dir='ltr'><strong>siue</strong></span> 
     </span>
     <span class='ocr_line' id='line_1_17' title="bbox 817 2033 2184 2136; baseline -0.007 -22"><span class='ocrx_word' id='word_1_198' title='bbox 817 2037 859 2117; x_wconf 87' lang='lat' dir='ltr'><strong>C.</strong></span> <span class='ocrx_word' id='word_1_199' title='bbox 882 2038 1002 2111; x_wconf 91' lang='lat' dir='ltr'><strong>Hedio</strong></span> <span class='ocrx_word' id='word_1_200' title='bbox 1153 2045 1307 2118; x_wconf 88' lang='lat' dir='ltr'><strong>saevitia.</strong></span> <span class='ocrx_word' id='word_1_201' title='bbox 1342 2041 1420 2133; x_wconf 86' lang='lat' dir='ltr'><strong>Ego</strong></span> <span class='ocrx_word' id='word_1_202' title='bbox 1436 2044 1580 2136; x_wconf 90' lang='lat' dir='ltr'><strong>quidem</strong></span> <span class='ocrx_word' id='word_1_203' title='bbox 1597 2065 1699 2134; x_wconf 88' lang='lat' dir='ltr'><strong>saepe</strong></span> <span class='ocrx_word' id='word_1_204' title='bbox 1716 2065 1757 2113; x_wconf 92' lang='lat' dir='ltr'><strong>ac</strong></span> <span class='ocrx_word' id='word_1_205' title='bbox 1772 2039 1895 2110; x_wconf 87' lang='lat' dir='ltr'><strong>multis</strong></span> <span class='ocrx_word' id='word_1_206' title='bbox 1910 2033 1977 2108; x_wconf 91' lang='lat' dir='ltr'><strong>hoc</strong></span> <span class='ocrx_word' id='word_1_207' title='bbox 1996 2038 2042 2107; x_wconf 91' lang='lat' dir='ltr'><strong>do</strong></span> <span class='ocrx_word' id='word_1_208' title='bbox 2060 2057 2149 2108; x_wconf 83' lang='lat' dir='ltr'><strong>con-</strong></span> <span class='ocrx_word' id='word_1_209' title='bbox 2178 2043 2184 2054; x_wconf 89' lang='lat'>&#39;</span> 
     </span>
    </p>

    <p class='ocr_par' dir='ltr' id='par_1_3' title="bbox 866 2138 2174 2233">
     <span class='ocr_line' id='line_1_18' title="bbox 866 2138 2174 2233; baseline -0.008 -17"><span class='ocrx_word' id='word_1_210' title='bbox 866 2157 961 2216; x_wconf 88' lang='lat' dir='ltr'><strong>tuus.</strong></span> <span class='ocrx_word' id='word_1_211' title='bbox 1153 2147 1292 2232; x_wconf 89' lang='lat' dir='ltr'><strong>silium,</strong></span> <span class='ocrx_word' id='word_1_212' title='bbox 1316 2159 1357 2215; x_wconf 88' lang='lat' dir='ltr'><strong>ut</strong></span> <span class='ocrx_word' id='word_1_213' title='bbox 1380 2146 1469 2214; x_wconf 88' lang='lat' dir='ltr'><strong>sein</strong></span> <span class='ocrx_word' id='word_1_214' title='bbox 1484 2145 1590 2214; x_wconf 89' lang='lat' dir='ltr'><strong>urbes</strong></span> <span class='ocrx_word' id='word_1_215' title='bbox 1605 2138 1769 2215; x_wconf 88' lang='lat' dir='ltr'><strong>honestas</strong></span> <span class='ocrx_word' id='word_1_216' title='bbox 1783 2143 1938 2224; x_wconf 88' lang='lat' dir='ltr'><strong>abdant,</strong></span> <span class='ocrx_word' id='word_1_217' title='bbox 1961 2139 1999 2208; x_wconf 90' lang='lat' dir='ltr'><strong>in</strong></span> <span class='ocrx_word' id='word_1_218' title='bbox 2017 2138 2151 2233; x_wconf 89' lang='lat' dir='ltr'><strong>quibus</strong></span> <span class='ocrx_word' id='word_1_219' title='bbox 2169 2140 2174 2148; x_wconf 84' lang='lat'>&#39;</span> 
     </span>
    </p>
   </div>
   <div class='ocr_carea' id='block_1_3' title="bbox 206 2224 2148 2344">
    <p class='ocr_par' dir='ltr' id='par_1_4' title="bbox 206 2224 2148 2344">
     <span class='ocr_line' id='line_1_19' title="bbox 206 2224 2148 2344; baseline -0.012 -14"><span class='ocrx_word' id='word_1_220' title='bbox 206 2255 254 2330; x_wconf 89' lang='lat' dir='ltr'><strong>D.</strong></span> <span class='ocrx_word' id='word_1_221' title='bbox 268 2224 451 2344; x_wconf 65' lang='lat' dir='ltr'><strong>bothero,</strong></span> <span class='ocrx_word' id='word_1_222' title='bbox 479 2255 524 2330; x_wconf 92' lang='lat' dir='ltr'><strong>D.</strong></span> <span class='ocrx_word' id='word_1_223' title='bbox 540 2254 650 2330; x_wconf 84' lang='lat' dir='ltr'><strong>Ionae</strong></span> <span class='ocrx_word' id='word_1_224' title='bbox 673 2271 706 2330; x_wconf 84' lang='lat' dir='ltr'><strong>et</strong></span> <span class='ocrx_word' id='word_1_225' title='bbox 729 2258 776 2332; x_wconf 89' lang='lat' dir='ltr'><strong>D.</strong></span> <span class='ocrx_word' id='word_1_226' title='bbox 791 2257 993 2330; x_wconf 76' lang='lat' dir='ltr'><strong>pomerano</strong></span> <span class='ocrx_word' id='word_1_227' title='bbox 1016 2256 1104 2326; x_wconf 77' lang='lat' dir='ltr'><strong>meis</strong></span> <span class='ocrx_word' id='word_1_228' title='bbox 1152 2249 1267 2319; x_wconf 87' lang='lat' dir='ltr'><strong>maior</strong></span> <span class='ocrx_word' id='word_1_229' title='bbox 1281 2261 1334 2319; x_wconf 89' lang='lat' dir='ltr'><strong>est</strong></span> <span class='ocrx_word' id='word_1_230' title='bbox 1347 2246 1502 2326; x_wconf 85' lang='lat' dir='ltr'><strong>iustitiae</strong></span> <span class='ocrx_word' id='word_1_231' title='bbox 1520 2245 1741 2330; x_wconf 86' lang='lat' dir='ltr'><strong>reverentia,</strong></span> <span class='ocrx_word' id='word_1_232' title='bbox 1764 2257 1799 2316; x_wconf 90' lang='lat' dir='ltr'><strong>et</strong></span> <span class='ocrx_word' id='word_1_233' title='bbox 1817 2240 1949 2314; x_wconf 86' lang='lat' dir='ltr'><strong>certior</strong></span> <span class='ocrx_word' id='word_1_234' title='bbox 1970 2239 2148 2334; x_wconf 84' lang='lat' dir='ltr'><strong>tranquil-</strong></span> 
     </span>
    </p>
   </div>
   <div class='ocr_carea' id='block_1_4' title="bbox 206 2343 2148 2546">
    <p class='ocr_par' dir='ltr' id='par_1_5' title="bbox 206 2343 2148 2546">
     <span class='ocr_line' id='line_1_20' title="bbox 206 2343 2148 2455; baseline -0.01 -25"><span class='ocrx_word' id='word_1_235' title='bbox 206 2361 329 2430; x_wconf 84' lang='lat' dir='ltr'><strong>verbis</strong></span> <span class='ocrx_word' id='word_1_236' title='bbox 343 2362 538 2452; x_wconf 89' lang='lat' dir='ltr'><strong>plurimum</strong></span> <span class='ocrx_word' id='word_1_237' title='bbox 553 2362 678 2432; x_wconf 90' lang='lat' dir='ltr'><strong>salutis</strong></span> <span class='ocrx_word' id='word_1_238' title='bbox 692 2363 760 2450; x_wconf 89' lang='lat' dir='ltr'><strong>dic,</strong></span> <span class='ocrx_word' id='word_1_239' title='bbox 782 2361 871 2434; x_wconf 87' lang='lat' dir='ltr'><strong>ltem</strong></span> <span class='ocrx_word' id='word_1_240' title='bbox 883 2359 1104 2455; x_wconf 84' lang='lat' dir='ltr'><strong>Hieronymo</strong></span> <span class='ocrx_word' id='word_1_241' title='bbox 1152 2351 1246 2437; x_wconf 89' lang='lat' dir='ltr'><strong>litas,</strong></span> <span class='ocrx_word' id='word_1_242' title='bbox 1268 2373 1376 2445; x_wconf 87' lang='lat' dir='ltr'><strong>quam</strong></span> <span class='ocrx_word' id='word_1_243' title='bbox 1392 2350 1433 2419; x_wconf 91' lang='lat' dir='ltr'><strong>in</strong></span> <span class='ocrx_word' id='word_1_244' title='bbox 1447 2349 1493 2418; x_wconf 89' lang='lat' dir='ltr'><strong>iis</strong></span> <span class='ocrx_word' id='word_1_245' title='bbox 1507 2347 1607 2432; x_wconf 87' lang='lat' dir='ltr'><strong>locis,</strong></span> <span class='ocrx_word' id='word_1_246' title='bbox 1632 2369 1722 2441; x_wconf 89' lang='lat' dir='ltr'><strong>qnae</strong></span> <span class='ocrx_word' id='word_1_247' title='bbox 1736 2357 1908 2438; x_wconf 87' lang='lat' dir='ltr'><strong>reguntur</strong></span> <span class='ocrx_word' id='word_1_248' title='bbox 1922 2343 2047 2414; x_wconf 86' lang='lat' dir='ltr'><strong>aulicis</strong></span> <span class='ocrx_word' id='word_1_249' title='bbox 2061 2364 2148 2412; x_wconf 90' lang='lat' dir='ltr'><strong>con-</strong></span> 
     </span>
     <span class='ocr_line' id='line_1_21' title="bbox 207 2439 2147 2546; baseline -0.011 -14"><span class='ocrx_word' id='word_1_250' title='bbox 207 2457 470 2538; x_wconf 84' lang='lat' dir='ltr'><strong>etlonhelilio.</strong></span> <span class='ocrx_word' id='word_1_251' title='bbox 561 2501 566 2514; x_wconf 75' lang='lat'><strong>.</strong></span> <span class='ocrx_word' id='word_1_252' title='bbox 1151 2454 1252 2527; x_wconf 88' lang='lat' dir='ltr'><strong>siliis.</strong></span> <span class='ocrx_word' id='word_1_253' title='bbox 1305 2449 1423 2542; x_wconf 88' lang='lat' dir='ltr'><strong>Quid,</strong></span> <span class='ocrx_word' id='word_1_254' title='bbox 1445 2451 1542 2546; x_wconf 92' lang='lat' dir='ltr'><strong>quod</strong></span> <span class='ocrx_word' id='word_1_255' title='bbox 1558 2449 1680 2518; x_wconf 87' lang='lat' dir='ltr'><strong>liberis</strong></span> <span class='ocrx_word' id='word_1_256' title='bbox 1695 2449 1800 2520; x_wconf 87' lang='lat' dir='ltr'><strong>ctiam</strong></span> <span class='ocrx_word' id='word_1_257' title='bbox 1818 2459 1934 2518; x_wconf 88' lang='lat' dir='ltr'><strong>tutum</strong></span> <span class='ocrx_word' id='word_1_258' title='bbox 1949 2439 2147 2536; x_wconf 86' lang='lat' dir='ltr'><strong>hospitium</strong></span> 
     </span>
    </p>
   </div>
   <div class='ocr_carea' id='block_1_5' title="bbox 106 2543 2199 3257">
    <p class='ocr_par' dir='ltr' id='par_1_6' title="bbox 1152 2543 2148 2641">
     <span class='ocr_line' id='line_1_22' title="bbox 1152 2543 2148 2641; baseline -0.013 -16"><span class='ocrx_word' id='word_1_259' title='bbox 1152 2555 1376 2626; x_wconf 87' lang='lat' dir='ltr'><strong>retinendum</strong></span> <span class='ocrx_word' id='word_1_260' title='bbox 1391 2566 1442 2623; x_wconf 91' lang='lat' dir='ltr'><strong>cst</strong></span> <span class='ocrx_word' id='word_1_261' title='bbox 1455 2568 1489 2625; x_wconf 93' lang='lat' dir='ltr'><strong>et</strong></span> <span class='ocrx_word' id='word_1_262' title='bbox 1502 2550 1655 2640; x_wconf 84' lang='lat' dir='ltr'><strong>coniugi,</strong></span> <span class='ocrx_word' id='word_1_263' title='bbox 1682 2563 1804 2622; x_wconf 86' lang='lat' dir='ltr'><strong>contra</strong></span> <span class='ocrx_word' id='word_1_264' title='bbox 1822 2545 2039 2641; x_wconf 87' lang='lat' dir='ltr'><strong>irruptiones</strong></span> <span class='ocrx_word' id='word_1_265' title='bbox 2048 2543 2148 2614; x_wconf 86' lang='lat' dir='ltr'><strong>Tur-</strong></span> 
     </span>
    </p>

    <p class='ocr_par' dir='ltr' id='par_1_7' title="bbox 1151 2646 2144 2750">
     <span class='ocr_line' id='line_1_23' title="bbox 1151 2646 2144 2750; baseline -0.016 -23"><span class='ocrx_word' id='word_1_266' title='bbox 1151 2658 1261 2742; x_wconf 82' lang='lat' dir='ltr'><strong>ciras,</strong></span> <span class='ocrx_word' id='word_1_267' title='bbox 1297 2679 1448 2750; x_wconf 90' lang='lat' dir='ltr'><strong>quarum</strong></span> <span class='ocrx_word' id='word_1_268' title='bbox 1473 2667 1589 2724; x_wconf 88' lang='lat' dir='ltr'><strong>metus</strong></span> <span class='ocrx_word' id='word_1_269' title='bbox 1612 2658 1685 2721; x_wconf 91' lang='lat' dir='ltr'><strong>iam</strong></span> <span class='ocrx_word' id='word_1_270' title='bbox 1706 2663 1853 2728; x_wconf 81' lang='lat' dir='ltr'><strong>nonest</strong></span> <span class='ocrx_word' id='word_1_271' title='bbox 1875 2648 1992 2717; x_wconf 88' lang='lat' dir='ltr'><strong>inanis</strong></span> <span class='ocrx_word' id='word_1_272' title='bbox 2022 2646 2144 2716; x_wconf 85' lang='lat' dir='ltr'><strong>existi-</strong></span> 
     </span>
    </p>

    <p class='ocr_par' dir='ltr' id='par_1_8' title="bbox 582 2745 2143 2850">
     <span class='ocr_line' id='line_1_24' title="bbox 582 2745 2143 2850; baseline -0.014 -13"><span class='ocrx_word' id='word_1_273' title='bbox 582 2819 584 2828; x_wconf 46' lang='lat'><strong>.</strong></span> <span class='ocrx_word' id='word_1_274' title='bbox 723 2776 726 2782; x_wconf 81' lang='grc'><em>“</em></span> <span class='ocrx_word' id='word_1_275' title='bbox 788 2833 795 2850; x_wconf 78' lang='grc'>,</span> <span class='ocrx_word' id='word_1_276' title='bbox 827 2811 838 2850; x_wconf 72' lang='lat'><strong>-,</strong></span> <span class='ocrx_word' id='word_1_277' title='bbox 1073 2829 1080 2848; x_wconf 69' lang='grc'><em>,</em></span> <span class='ocrx_word' id='word_1_278' title='bbox 1151 2759 1313 2830; x_wconf 89' lang='lat' dir='ltr'><strong>mandus.</strong></span> <span class='ocrx_word' id='word_1_279' title='bbox 1364 2752 1477 2848; x_wconf 87' lang='lat' dir='ltr'><strong>Saepe</strong></span> <span class='ocrx_word' id='word_1_280' title='bbox 1496 2753 1608 2844; x_wconf 86' lang='lat' dir='ltr'><strong>cogito</strong></span> <span class='ocrx_word' id='word_1_281' title='bbox 1626 2751 1743 2824; x_wconf 87' lang='lat' dir='ltr'><strong>De&#39;um</strong></span> <span class='ocrx_word' id='word_1_282' title='bbox 1764 2752 1951 2822; x_wconf 84' lang='lat' dir='ltr'><strong>collocasse</strong></span> <span class='ocrx_word' id='word_1_283' title='bbox 1967 2745 2143 2820; x_wconf 82' lang='lat' dir='ltr'><strong>Ecclesias</strong></span> 
     </span>
    </p>

    <p class='ocr_par' dir='ltr' id='par_1_9' title="bbox 106 2827 2199 3054">
     <span class='ocr_line' id='line_1_25' title="bbox 106 2827 2146 2948; baseline -0.014 -2"><span class='ocrx_word' id='word_1_284' title='bbox 106 2827 348 2932; x_wconf 50' lang='lat' dir='ltr'><strong>(Mami</strong></span> <span class='ocrx_word' id='word_1_285' title='bbox 361 2858 415 2906; x_wconf 70' lang='lat'><strong>⁰⁰</strong></span> <span class='ocrx_word' id='word_1_286' title='bbox 440 2829 476 2907; x_wconf 70' lang='lat' dir='ltr'><strong>d·</strong></span> <span class='ocrx_word' id='word_1_287' title='bbox 506 2829 565 2908; x_wconf 72' lang='lat'><strong>¹5·</strong></span> <span class='ocrx_word' id='word_1_288' title='bbox 588 2828 688 2948; x_wconf 60' lang='lat' dir='ltr'><strong>Aug</strong></span> <span class='ocrx_word' id='word_1_289' title='bbox 698 2843 793 2904; x_wconf 65' lang='lat'><strong>“⁸¹²</strong></span> <span class='ocrx_word' id='word_1_290' title='bbox 820 2842 971 2906; x_wconf 59' lang='lat' dir='ltr'><strong>”mal</strong></span> <span class='ocrx_word' id='word_1_291' title='bbox 995 2827 1104 2910; x_wconf 71' lang='lat' dir='ltr'><strong>W·</strong></span> <span class='ocrx_word' id='word_1_292' title='bbox 1151 2861 1191 2930; x_wconf 87' lang='lat' dir='ltr'><strong>iu</strong></span> <span class='ocrx_word' id='word_1_293' title='bbox 1202 2860 1354 2932; x_wconf 91' lang='lat' dir='ltr'><strong>urbibus</strong></span> <span class='ocrx_word' id='word_1_294' title='bbox 1369 2855 1583 2930; x_wconf 89' lang='lat' dir='ltr'><strong>Germaniae</strong></span> <span class='ocrx_word' id='word_1_295' title='bbox 1597 2854 1825 2940; x_wconf 81' lang='lat' dir='ltr'><strong>firmissimis,</strong></span> <span class='ocrx_word' id='word_1_296' title='bbox 1849 2867 1892 2924; x_wconf 92' lang='lat' dir='ltr'><strong>ut</strong></span> <span class='ocrx_word' id='word_1_297' title='bbox 1906 2849 1958 2922; x_wconf 88' lang='lat' dir='ltr'><strong>ibi</strong></span> <span class='ocrx_word' id='word_1_298' title='bbox 1973 2849 2146 2944; x_wconf 85' lang='lat' dir='ltr'><strong>reliquiae</strong></span> 
     </span>
     <span class='ocr_line' id='line_1_26' title="bbox 467 2933 2199 3054; baseline -0.015 -11"><span class='ocrx_word' id='word_1_299' title='bbox 467 2933 731 3032; x_wconf 55' lang='lat' dir='ltr'><strong>&#39;‘b‘&#39;b&#39;ami</strong></span> <span class='ocrx_word' id='word_1_300' title='bbox 1151 2963 1333 3034; x_wconf 87' lang='lat' dir='ltr'><strong>literarum</strong></span> <span class='ocrx_word' id='word_1_301' title='bbox 1366 2972 1402 3029; x_wconf 91' lang='lat' dir='ltr'><strong>et</strong></span> <span class='ocrx_word' id='word_1_302' title='bbox 1435 2959 1616 3030; x_wconf 89' lang='lat' dir='ltr'><strong>doctrinae</strong></span> <span class='ocrx_word' id='word_1_303' title='bbox 1652 2969 1924 3038; x_wconf 88' lang='lat' dir='ltr'><strong>conserventur,</strong></span> <span class='ocrx_word' id='word_1_304' title='bbox 1966 2951 2142 3046; x_wconf 85' lang='lat' dir='ltr'><strong>siquando</strong></span> <span class='ocrx_word' id='word_1_305' title='bbox 2194 3040 2199 3054; x_wconf 79' lang='lat'><strong>.</strong></span> 
     </span>
    </p>

    <p class='ocr_par' dir='ltr' id='par_1_10' title="bbox 1150 3053 2146 3144">
     <span class='ocr_line' id='line_1_27' title="bbox 1150 3053 2146 3144; baseline -0.014 -10"><span class='ocrx_word' id='word_1_306' title='bbox 1150 3063 1261 3136; x_wconf 89' lang='lat' dir='ltr'><strong>Turci</strong></span> <span class='ocrx_word' id='word_1_307' title='bbox 1281 3063 1470 3134; x_wconf 86' lang='lat' dir='ltr'><strong>vastabunt</strong></span> <span class='ocrx_word' id='word_1_308' title='bbox 1493 3058 1734 3134; x_wconf 84' lang='lat' dir='ltr'><strong>Germaniam.</strong></span> <span class='ocrx_word' id='word_1_309' title='bbox 1784 3055 1875 3128; x_wconf 87' lang='lat' dir='ltr'><strong>Nam</strong></span> <span class='ocrx_word' id='word_1_310' title='bbox 1898 3053 2016 3144; x_wconf 83' lang='lat' dir='ltr'><strong>delere</strong></span> <span class='ocrx_word' id='word_1_311' title='bbox 2037 3054 2146 3132; x_wconf 83' lang='lat' dir='ltr'><strong>urbes</strong></span> 
     </span>
    </p>

    <p class='ocr_par' dir='ltr' id='par_1_11' title="bbox 1149 3155 2143 3257">
     <span class='ocr_line' id='line_1_28' title="bbox 1149 3155 2143 3257; baseline -0.014 -21"><span class='ocrx_word' id='word_1_312' title='bbox 1149 3189 1224 3236; x_wconf 85' lang='lat' dir='ltr'><strong>nou</strong></span> <span class='ocrx_word' id='word_1_313' title='bbox 1240 3178 1426 3257; x_wconf 86' lang='lat' dir='ltr'><strong>poterunt,</strong></span> <span class='ocrx_word' id='word_1_314' title='bbox 1452 3161 1589 3234; x_wconf 88' lang='lat' dir='ltr'><strong>etiamsi</strong></span> <span class='ocrx_word' id='word_1_315' title='bbox 1605 3161 1682 3232; x_wconf 90' lang='lat' dir='ltr'><strong>loca</strong></span> <span class='ocrx_word' id='word_1_316' title='bbox 1700 3159 1820 3230; x_wconf 90' lang='lat' dir='ltr'><strong>minus</strong></span> <span class='ocrx_word' id='word_1_317' title='bbox 1835 3157 1974 3228; x_wconf 88' lang='lat' dir='ltr'><strong>munita</strong></span> <span class='ocrx_word' id='word_1_318' title='bbox 1993 3155 2143 3247; x_wconf 90' lang='lat' dir='ltr'><strong>popula-</strong></span> 
     </span>
    </p>
   </div>
   <div class='ocr_carea' id='block_1_6' title="bbox 99 3235 2155 3455">
    <p class='ocr_par' dir='ltr' id='par_1_12' title="bbox 99 3235 2155 3455">
     <span class='ocr_line' id='line_1_29' title="bbox 99 3235 2144 3377; baseline -0.02 -13"><span class='ocrx_word' id='word_1_319' title='bbox 99 3289 169 3366; x_wconf 79' lang='lat' dir='ltr'><strong>No.</strong></span> <span class='ocrx_word' id='word_1_320' title='bbox 186 3289 303 3367; x_wconf 77' lang='lat'><strong>2759.</strong></span> <span class='ocrx_word' id='word_1_321' title='bbox 753 3235 761 3244; x_wconf 92' lang='lat'>-</span> <span class='ocrx_word' id='word_1_322' title='bbox 941 3303 1000 3366; x_wconf 60' lang='lat'><strong>17,</strong></span> <span class='ocrx_word' id='word_1_323' title='bbox 1017 3297 1099 3377; x_wconf 59' lang='lat' dir='ltr'><strong>Ang,</strong></span> <span class='ocrx_word' id='word_1_324' title='bbox 1149 3269 1303 3353; x_wconf 90' lang='lat' dir='ltr'><strong>buntur,</strong></span> <span class='ocrx_word' id='word_1_325' title='bbox 1328 3266 1521 3336; x_wconf 87' lang='lat' dir='ltr'><strong>incendent</strong></span> <span class='ocrx_word' id='word_1_326' title='bbox 1535 3286 1575 3334; x_wconf 87' lang='lat' dir='ltr'><strong>ac</strong></span> <span class='ocrx_word' id='word_1_327' title='bbox 1590 3275 1758 3332; x_wconf 78' lang='lat' dir='ltr'><strong>everterat.</strong></span> <span class='ocrx_word' id='word_1_328' title='bbox 1789 3258 1883 3331; x_wconf 85' lang='lat' dir='ltr'><strong>Sunt</strong></span> <span class='ocrx_word' id='word_1_329' title='bbox 1896 3271 1930 3328; x_wconf 88' lang='lat' dir='ltr'><strong>et</strong></span> <span class='ocrx_word' id='word_1_330' title='bbox 1945 3258 2013 3327; x_wconf 91' lang='lat' dir='ltr'><strong>alia</strong></span> <span class='ocrx_word' id='word_1_331' title='bbox 2031 3257 2144 3325; x_wconf 88' lang='lat' dir='ltr'><strong>multa</strong></span> 
     </span>
     <span class='ocr_line' id='line_1_30' title="bbox 105 3358 2155 3455; baseline -0.017 5"><span class='ocrx_word' id='word_1_332' title='bbox 105 3387 284 3420; x_wconf 65' lang='lat' dir='ltr'><strong>w-</strong></span> <span class='ocrx_word' id='word_1_333' title='bbox 922 3385 1095 3416; x_wconf 50' lang='grc' dir='ltr'><strong>*Ν</strong></span> <span class='ocrx_word' id='word_1_334' title='bbox 1149 3371 1333 3440; x_wconf 87' lang='lat' dir='ltr'><strong>commoda</strong></span> <span class='ocrx_word' id='word_1_335' title='bbox 1346 3365 1580 3452; x_wconf 88' lang='lat' dir='ltr'><strong>mediocrium</strong></span> <span class='ocrx_word' id='word_1_336' title='bbox 1591 3363 1755 3444; x_wconf 83' lang='lat' dir='ltr'><strong>urbium.</strong></span> <span class='ocrx_word' id='word_1_337' title='bbox 1780 3359 1930 3455; x_wconf 86' lang='lat' dir='ltr'><strong>quaein</strong></span> <span class='ocrx_word' id='word_1_338' title='bbox 1951 3359 2033 3428; x_wconf 83' lang='lat' dir='ltr'><strong>aliis</strong></span> <span class='ocrx_word' id='word_1_339' title='bbox 2054 3358 2155 3434; x_wconf 79' lang='lat' dir='ltr'><strong>locis,</strong></span> 
     </span>
    </p>
   </div>
   <div class='ocr_carea' id='block_1_7' title="bbox 428 3449 2143 3560">
    <p class='ocr_par' dir='ltr' id='par_1_13' title="bbox 428 3449 2143 3560">
     <span class='ocr_line' id='line_1_31' title="bbox 428 3449 2143 3560; baseline -0.008 -19"><span class='ocrx_word' id='word_1_340' title='bbox 428 3449 478 3542; x_wconf 85' lang='lat' dir='ltr'><strong>G.</strong></span> <span class='ocrx_word' id='word_1_341' title='bbox 507 3451 784 3545; x_wconf 76' lang='lat' dir='ltr'><strong>Siurcl&#39;atiae.</strong></span> <span class='ocrx_word' id='word_1_342' title='bbox 1148 3470 1398 3560; x_wconf 81' lang='lat' dir='ltr'><strong>agrestioribus</strong></span> <span class='ocrx_word' id='word_1_343' title='bbox 1414 3467 1671 3538; x_wconf 85' lang='lat' dir='ltr'><strong>desiderantur.</strong></span> <span class='ocrx_word' id='word_1_344' title='bbox 1723 3461 1842 3552; x_wconf 85' lang='lat' dir='ltr'><strong>Quare</strong></span> <span class='ocrx_word' id='word_1_345' title='bbox 1857 3476 1891 3533; x_wconf 89' lang='lat' dir='ltr'><strong>te</strong></span> <span class='ocrx_word' id='word_1_346' title='bbox 1907 3460 2011 3531; x_wconf 85' lang='lat' dir='ltr'><strong>ctiam</strong></span> <span class='ocrx_word' id='word_1_347' title='bbox 2036 3471 2143 3552; x_wconf 84' lang='lat' dir='ltr'><strong>atque</strong></span> 
     </span>
    </p>
   </div>
   <div class='ocr_carea' id='block_1_8' title="bbox 170 3563 2141 3709">
    <p class='ocr_par' dir='ltr' id='par_1_14' title="bbox 170 3563 2141 3709">
     <span class='ocr_line' id='line_1_32' title="bbox 170 3563 2141 3709; baseline -0.024 -34"><span class='ocrx_word' id='word_1_348' title='bbox 170 3627 597 3708; x_wconf 51' lang='lat' dir='ltr'><strong>sspng135y143534„</strong></span> <span class='ocrx_word' id='word_1_349' title='bbox 619 3631 673 3691; x_wconf 55' lang='lat' dir='ltr'><strong>fflc</strong></span> <span class='ocrx_word' id='word_1_350' title='bbox 685 3651 716 3690; x_wconf 52' lang='lat' dir='ltr'>a</span> <span class='ocrx_word' id='word_1_351' title='bbox 731 3631 901 3709; x_wconf 44' lang='lat' dir='ltr'>‚Momm</span> <span class='ocrx_word' id='word_1_352' title='bbox 914 3631 1018 3691; x_wconf 48' lang='lat' dir='ltr'><strong>Md·</strong></span> <span class='ocrx_word' id='word_1_353' title='bbox 1032 3631 1101 3688; x_wconf 78' lang='lat' dir='ltr'><strong>Mo-</strong></span> <span class='ocrx_word' id='word_1_354' title='bbox 1148 3575 1254 3692; x_wconf 70' lang='lat' dir='ltr'><strong>etiam</strong></span> <span class='ocrx_word' id='word_1_355' title='bbox 1270 3566 1452 3656; x_wconf 87' lang='lat' dir='ltr'><strong>adhortor,</strong></span> <span class='ocrx_word' id='word_1_356' title='bbox 1477 3582 1518 3639; x_wconf 90' lang='lat' dir='ltr'><strong>ut</strong></span> <span class='ocrx_word' id='word_1_357' title='bbox 1533 3563 1721 3638; x_wconf 85' lang='lat' dir='ltr'><strong>Ersordiae</strong></span> <span class='ocrx_word' id='word_1_358' title='bbox 1736 3588 1880 3634; x_wconf 89' lang='lat' dir='ltr'><strong>manere</strong></span> <span class='ocrx_word' id='word_1_359' title='bbox 1894 3563 2008 3646; x_wconf 85' lang='lat' dir='ltr'><strong>malis,</strong></span> <span class='ocrx_word' id='word_1_360' title='bbox 2033 3583 2141 3656; x_wconf 89' lang='lat' dir='ltr'><strong>quam</strong></span> 
     </span>
    </p>
   </div>
   <div class='ocr_carea' id='block_1_9' title="bbox 95 3663 2141 4153">
    <p class='ocr_par' dir='ltr' id='par_1_15' title="bbox 1147 3663 2141 3754">
     <span class='ocr_line' id='line_1_33' title="bbox 1147 3663 2141 3754; baseline -0.015 -10"><span class='ocrx_word' id='word_1_361' title='bbox 1147 3699 1187 3744; x_wconf 79' lang='lat' dir='ltr'><strong>in</strong></span> <span class='ocrx_word' id='word_1_362' title='bbox 1202 3674 1270 3744; x_wconf 88' lang='lat' dir='ltr'><strong>alia</strong></span> <span class='ocrx_word' id='word_1_363' title='bbox 1285 3673 1362 3744; x_wconf 89' lang='lat' dir='ltr'><strong>loca</strong></span> <span class='ocrx_word' id='word_1_364' title='bbox 1379 3679 1460 3742; x_wconf 86' lang='lat' dir='ltr'><strong>cum</strong></span> <span class='ocrx_word' id='word_1_365' title='bbox 1477 3668 1689 3741; x_wconf 88' lang='lat' dir='ltr'><strong>detrimento</strong></span> <span class='ocrx_word' id='word_1_366' title='bbox 1706 3666 1758 3738; x_wconf 88' lang='lat' dir='ltr'><strong>rei</strong></span> <span class='ocrx_word' id='word_1_367' title='bbox 1772 3665 1960 3737; x_wconf 85' lang='lat' dir='ltr'><strong>familiaris</strong></span> <span class='ocrx_word' id='word_1_368' title='bbox 1978 3663 2141 3754; x_wconf 87' lang='lat' dir='ltr'><strong>migrare,</strong></span> 
     </span>
    </p>

    <p class='ocr_par' dir='ltr' id='par_1_16' title="bbox 1146 3763 2140 3848">
     <span class='ocr_line' id='line_1_34' title="bbox 1146 3763 2140 3848; baseline -0.017 1"><span class='ocrx_word' id='word_1_369' title='bbox 1146 3777 1208 3848; x_wconf 89' lang='lat' dir='ltr'><strong>ubi</strong></span> <span class='ocrx_word' id='word_1_370' title='bbox 1227 3788 1347 3848; x_wconf 72' lang='lat' dir='ltr'><strong>menen</strong></span> <span class='ocrx_word' id='word_1_371' title='bbox 1360 3775 1480 3846; x_wconf 87' lang='lat' dir='ltr'><strong>minus</strong></span> <span class='ocrx_word' id='word_1_372' title='bbox 1495 3769 1680 3842; x_wconf 85' lang='lat' dir='ltr'><strong>commode</strong></span> <span class='ocrx_word' id='word_1_373' title='bbox 1692 3765 1839 3844; x_wconf 86' lang='lat' dir='ltr'><strong>vivitur.</strong></span> <span class='ocrx_word' id='word_1_374' title='bbox 1894 3763 1993 3838; x_wconf 83' lang='lat' dir='ltr'><strong>Bene</strong></span> <span class='ocrx_word' id='word_1_375' title='bbox 2009 3778 2045 3835; x_wconf 88' lang='lat' dir='ltr'><strong>ct</strong></span> <span class='ocrx_word' id='word_1_376' title='bbox 2062 3766 2140 3833; x_wconf 84' lang='lat' dir='ltr'><strong>foe-</strong></span> 
     </span>
    </p>

    <p class='ocr_par' dir='ltr' id='par_1_17' title="bbox 96 3850 1741 3964">
     <span class='ocr_line' id='line_1_35' title="bbox 96 3850 1741 3964; baseline -0.006 -30"><span class='ocrx_word' id='word_1_377' title='bbox 96 3850 330 3934; x_wconf 74' lang='lat' dir='ltr'><strong>Clarissimo</strong></span> <span class='ocrx_word' id='word_1_378' title='bbox 358 3855 454 3942; x_wconf 81' lang='lat' dir='ltr'><strong>viro,</strong></span> <span class='ocrx_word' id='word_1_379' title='bbox 490 3865 523 3930; x_wconf 79' lang='lat' dir='ltr'><strong>et</strong></span> <span class='ocrx_word' id='word_1_380' title='bbox 550 3857 698 3956; x_wconf 83' lang='lat' dir='ltr'><strong>egregia</strong></span> <span class='ocrx_word' id='word_1_381' title='bbox 725 3859 855 3933; x_wconf 79' lang='lat' dir='ltr'><strong>virtute</strong></span> <span class='ocrx_word' id='word_1_382' title='bbox 875 3868 908 3932; x_wconf 82' lang='lat' dir='ltr'><strong>et</strong></span> <span class='ocrx_word' id='word_1_383' title='bbox 928 3857 1097 3944; x_wconf 82' lang='lat' dir='ltr'><strong>doctrino</strong></span> <span class='ocrx_word' id='word_1_384' title='bbox 1144 3877 1364 3956; x_wconf 48' lang='lat' dir='ltr'><strong>liciqmalg</strong></span> <span class='ocrx_word' id='word_1_385' title='bbox 1413 3867 1741 3964; x_wconf 64' lang='lat' dir='ltr'><strong>D1012Augusfi,</strong></span> 
     </span>
    </p>

    <p class='ocr_par' dir='ltr' id='par_1_18' title="bbox 95 3953 2090 4153">
     <span class='ocr_line' id='line_1_36' title="bbox 95 3953 2090 4087; baseline -0.006 -52"><span class='ocrx_word' id='word_1_386' title='bbox 95 3956 290 4062; x_wconf 81' lang='lat' dir='ltr'><strong>praedito,</strong></span> <span class='ocrx_word' id='word_1_387' title='bbox 312 3953 588 4056; x_wconf 80' lang='lat' dir='ltr'><strong>D.Georgio</strong></span> <span class='ocrx_word' id='word_1_388' title='bbox 609 3959 915 4049; x_wconf 83' lang='lat' dir='ltr'><strong>Sturciodae,</strong></span> <span class='ocrx_word' id='word_1_389' title='bbox 938 3960 1100 4037; x_wconf 82' lang='lat' dir='ltr'><strong>Ductori</strong></span> <span class='ocrx_word' id='word_1_390' title='bbox 1601 3999 1734 4087; x_wconf 51' lang='grc' dir='ltr'><strong>ΗΜ</strong></span> <span class='ocrx_word' id='word_1_391' title='bbox 1785 4025 1828 4074; x_wconf 63' lang='lat' dir='ltr'><strong>m</strong></span> <span class='ocrx_word' id='word_1_392' title='bbox 1847 3995 2090 4076; x_wconf 58' lang='lat' dir='ltr'><strong>Melanthon„</strong></span> 
     </span>
     <span class='ocr_line' id='line_1_37' title="bbox 368 4026 2071 4153; baseline -0.011 -16"><span class='ocrx_word' id='word_1_393' title='bbox 368 4057 606 4153; x_wconf 81' lang='lat' dir='ltr'><strong>Medicinae,</strong></span> <span class='ocrx_word' id='word_1_394' title='bbox 625 4062 750 4138; x_wconf 84' lang='lat' dir='ltr'><strong>&#39;amico</strong></span> <span class='ocrx_word' id='word_1_395' title='bbox 766 4089 836 4138; x_wconf 89' lang='lat' dir='ltr'><strong>suo</strong></span> <span class='ocrx_word' id='word_1_396' title='bbox 1156 4075 1159 4080; x_wconf 83' lang='lat'>&#39;</span> <span class='ocrx_word' id='word_1_397' title='bbox 1736 4026 1783 4098; x_wconf 67' lang='lat' dir='ltr'><strong>Pp</strong></span> <span class='ocrx_word' id='word_1_398' title='bbox 2060 4046 2071 4072; x_wconf 83' lang='lat'><em>⁰</em></span> 
     </span>
    </p>
   </div>
   <div class='ocr_carea' id='block_1_10' title="bbox 206 3699 426 3776">
    <p class='ocr_par' dir='ltr' id='par_1_19' title="bbox 206 3699 426 3776">
     <span class='ocr_line' id='line_1_38' title="bbox 206 3699 426 3776; baseline 0.009 -18"><span class='ocrx_word' id='word_1_399' title='bbox 206 3719 269 3758; x_wconf 82' lang='lat' dir='ltr'><strong>nae·</strong></span> <span class='ocrx_word' id='word_1_400' title='bbox 285 3701 306 3758; x_wconf 91' lang='grc' dir='ltr'><strong>Ι.</strong></span> <span class='ocrx_word' id='word_1_401' title='bbox 325 3717 352 3776; x_wconf 89' lang='lat' dir='ltr'><strong>p.</strong></span> <span class='ocrx_word' id='word_1_402' title='bbox 366 3699 426 3760; x_wconf 71' lang='lat'><strong>³1⁵.</strong></span> 
     </span>
    </p>
   </div>
   <div class='ocr_carea' id='block_1_11' title="bbox 67 4181 2135 5367">
    <p class='ocr_par' dir='ltr' id='par_1_20' title="bbox 94 4181 2127 4752">
     <span class='ocr_line' id='line_1_39' title="bbox 94 4181 1097 4300; baseline 0.003 -24"><span class='ocrx_word' id='word_1_403' title='bbox 94 4181 145 4276; x_wconf 81' lang='grc'><strong>5.</strong></span> <span class='ocrx_word' id='word_1_404' title='bbox 170 4197 220 4278; x_wconf 93' lang='lat' dir='ltr'><strong>D.</strong></span> <span class='ocrx_word' id='word_1_405' title='bbox 269 4199 338 4272; x_wconf 87' lang='lat' dir='ltr'><strong>Vir</strong></span> <span class='ocrx_word' id='word_1_406' title='bbox 355 4202 561 4292; x_wconf 89' lang='lat' dir='ltr'><strong>clarissime;</strong></span> <span class='ocrx_word' id='word_1_407' title='bbox 587 4202 680 4279; x_wconf 89' lang='lat' dir='ltr'><strong>Cum</strong></span> <span class='ocrx_word' id='word_1_408' title='bbox 701 4230 817 4300; x_wconf 89' lang='lat' dir='ltr'><strong>nuper</strong></span> <span class='ocrx_word' id='word_1_409' title='bbox 831 4201 1020 4280; x_wconf 78' lang='lat' dir='ltr'><strong>Erfurdiae</strong></span> <span class='ocrx_word' id='word_1_410' title='bbox 1041 4209 1097 4279; x_wconf 89' lang='lat' dir='ltr'><strong>vi-</strong></span> 
     </span>
     <span class='ocr_line' id='line_1_40' title="bbox 94 4299 1097 4382; baseline 0.003 -5"><span class='ocrx_word' id='word_1_411' title='bbox 94 4327 181 4378; x_wconf 87' lang='lat' dir='ltr'><strong>rum</strong></span> <span class='ocrx_word' id='word_1_412' title='bbox 198 4299 487 4380; x_wconf 84' lang='lat' dir='ltr'><strong>honestissimum</strong></span> <span class='ocrx_word' id='word_1_413' title='bbox 506 4320 541 4380; x_wconf 90' lang='lat' dir='ltr'><strong>et</strong></span> <span class='ocrx_word' id='word_1_414' title='bbox 556 4309 612 4380; x_wconf 87' lang='lat' dir='ltr'><strong>tui</strong></span> <span class='ocrx_word' id='word_1_415' title='bbox 627 4309 908 4380; x_wconf 87' lang='lat' dir='ltr'><strong>amantissimum</strong></span> <span class='ocrx_word' id='word_1_416' title='bbox 930 4313 975 4382; x_wconf 86' lang='lat' dir='ltr'><strong>de</strong></span> <span class='ocrx_word' id='word_1_417' title='bbox 1000 4312 1097 4382; x_wconf 86' lang='lat' dir='ltr'><strong>vale-</strong></span> 
     </span>
     <span class='ocr_line' id='line_1_41' title="bbox 95 4406 2070 4538; baseline 0.001 -57"><span class='ocrx_word' id='word_1_418' title='bbox 95 4406 226 4481; x_wconf 86' lang='lat' dir='ltr'><strong>tudine</strong></span> <span class='ocrx_word' id='word_1_419' title='bbox 247 4419 309 4479; x_wconf 90' lang='lat' dir='ltr'><strong>toa</strong></span> <span class='ocrx_word' id='word_1_420' title='bbox 331 4407 617 4500; x_wconf 80' lang='lat' dir='ltr'><strong>interrogassem,</strong></span> <span class='ocrx_word' id='word_1_421' title='bbox 653 4423 688 4484; x_wconf 88' lang='lat' dir='ltr'><strong>et</strong></span> <span class='ocrx_word' id='word_1_422' title='bbox 712 4411 773 4483; x_wconf 89' lang='lat' dir='ltr'><strong>ille</strong></span> <span class='ocrx_word' id='word_1_423' title='bbox 794 4407 886 4482; x_wconf 87' lang='lat' dir='ltr'><strong>mihi</strong></span> <span class='ocrx_word' id='word_1_424' title='bbox 909 4427 1095 4499; x_wconf 72' lang='lat' dir='ltr'><strong>narrauet,</strong></span> <span class='ocrx_word' id='word_1_425' title='bbox 1156 4465 1190 4538; x_wconf 76' lang='lat' dir='ltr'>N</span> <span class='ocrx_word' id='word_1_426' title='bbox 1237 4411 1339 4537; x_wconf 48' lang='lat'><strong>{740</strong></span> <span class='ocrx_word' id='word_1_427' title='bbox 2038 4463 2070 4526; x_wconf 70' lang='grc' dir='ltr'>Α</span> 
     </span>
     <span class='ocr_line' id='line_1_42' title="bbox 95 4471 2127 4604; baseline 0 -21"><span class='ocrx_word' id='word_1_428' title='bbox 95 4523 150 4596; x_wconf 87' lang='lat' dir='ltr'><strong>te,</strong></span> <span class='ocrx_word' id='word_1_429' title='bbox 194 4521 232 4580; x_wconf 87' lang='lat' dir='ltr'><strong>et</strong></span> <span class='ocrx_word' id='word_1_430' title='bbox 255 4503 541 4582; x_wconf 86' lang='lat' dir='ltr'><strong>honestissimam</strong></span> <span class='ocrx_word' id='word_1_431' title='bbox 561 4527 760 4587; x_wconf 89' lang='lat' dir='ltr'><strong>matmuam</strong></span> <span class='ocrx_word' id='word_1_432' title='bbox 786 4513 973 4604; x_wconf 86' lang='lat' dir='ltr'><strong>coniugem</strong></span> <span class='ocrx_word' id='word_1_433' title='bbox 995 4527 1094 4586; x_wconf 86' lang='lat' dir='ltr'><strong>tuam</strong></span> <span class='ocrx_word' id='word_1_434' title='bbox 1148 4493 1363 4604; x_wconf 37' lang='lat' dir='ltr'><strong>&amp;vsi</strong></span> <span class='ocrx_word' id='word_1_435' title='bbox 1955 4471 2127 4586; x_wconf 55' lang='lat' dir='ltr'>Q</span> 
     </span>
     <span class='ocr_line' id='line_1_43' title="bbox 97 4610 1743 4752; baseline 0.004 -70"><span class='ocrx_word' id='word_1_436' title='bbox 97 4627 131 4684; x_wconf 85' lang='lat' dir='ltr'><strong>ct</strong></span> <span class='ocrx_word' id='word_1_437' title='bbox 147 4610 376 4684; x_wconf 86' lang='lat' dir='ltr'><strong>dulcissimos</strong></span> <span class='ocrx_word' id='word_1_438' title='bbox 390 4611 522 4683; x_wconf 87' lang='lat' dir='ltr'><strong>liberos</strong></span> <span class='ocrx_word' id='word_1_439' title='bbox 536 4627 631 4686; x_wconf 89' lang='lat' dir='ltr'><strong>recte</strong></span> <span class='ocrx_word' id='word_1_440' title='bbox 647 4616 784 4704; x_wconf 87' lang='lat' dir='ltr'><strong>valere,</strong></span> <span class='ocrx_word' id='word_1_441' title='bbox 809 4639 849 4686; x_wconf 88' lang='lat' dir='ltr'><strong>ea</strong></span> <span class='ocrx_word' id='word_1_442' title='bbox 862 4639 944 4710; x_wconf 89' lang='lat' dir='ltr'><strong>pars</strong></span> <span class='ocrx_word' id='word_1_443' title='bbox 959 4615 1094 4686; x_wconf 84' lang='lat' dir='ltr'><strong>oratio·</strong></span> <span class='ocrx_word' id='word_1_444' title='bbox 1283 4623 1289 4632; x_wconf 87' lang='lat'>&#39;</span> <span class='ocrx_word' id='word_1_445' title='bbox 1445 4659 1505 4752; x_wconf 67' lang='lat' dir='ltr'><strong>V.</strong></span> <span class='ocrx_word' id='word_1_446' title='bbox 1588 4661 1657 4748; x_wconf 58' lang='lat' dir='ltr'><strong>Th</strong></span> <span class='ocrx_word' id='word_1_447' title='bbox 1709 4659 1743 4746; x_wconf 56' lang='lat' dir='ltr'><em>d</em></span> 
     </span>
    </p>

    <p class='ocr_par' dir='ltr' id='par_1_21' title="bbox 95 4672 2135 5220">
     <span class='ocr_line' id='line_1_44' title="bbox 95 4672 2013 4810; baseline 0.004 -26"><span class='ocrx_word' id='word_1_448' title='bbox 95 4715 153 4786; x_wconf 87' lang='lat' dir='ltr'><strong>nis</strong></span> <span class='ocrx_word' id='word_1_449' title='bbox 169 4713 285 4806; x_wconf 84' lang='lat' dir='ltr'><strong>ipsius</strong></span> <span class='ocrx_word' id='word_1_450' title='bbox 299 4735 464 4806; x_wconf 85' lang='lat' dir='ltr'><strong>magnam</strong></span> <span class='ocrx_word' id='word_1_451' title='bbox 477 4709 565 4784; x_wconf 86' lang='lat' dir='ltr'><strong>mihi</strong></span> <span class='ocrx_word' id='word_1_452' title='bbox 580 4718 798 4810; x_wconf 84' lang='lat' dir='ltr'><strong>voluptatem</strong></span> <span class='ocrx_word' id='word_1_453' title='bbox 810 4717 941 4792; x_wconf 88' lang='lat' dir='ltr'><strong>attulit.</strong></span> <span class='ocrx_word' id='word_1_454' title='bbox 964 4716 1093 4790; x_wconf 87' lang='lat' dir='ltr'><strong>Postea</strong></span> <span class='ocrx_word' id='word_1_455' title='bbox 1488 4672 1554 4747; x_wconf 56' lang='grc' dir='ltr'><strong>ἰο</strong></span> <span class='ocrx_word' id='word_1_456' title='bbox 1659 4689 1706 4746; x_wconf 72' lang='lat'><strong>⁶⁰</strong></span> <span class='ocrx_word' id='word_1_457' title='bbox 1741 4689 1828 4745; x_wconf 59' lang='grc' dir='ltr'><strong>Μ’</strong></span> <span class='ocrx_word' id='word_1_458' title='bbox 2007 4793 2013 4798; x_wconf 83' lang='grc'><em>,</em></span> 
     </span>
     <span class='ocr_line' id='line_1_45' title="bbox 96 4817 2135 4936; baseline 0.001 -51"><span class='ocrx_word' id='word_1_459' title='bbox 96 4839 182 4888; x_wconf 86' lang='lat' dir='ltr'><strong>vero</strong></span> <span class='ocrx_word' id='word_1_460' title='bbox 205 4837 290 4886; x_wconf 87' lang='lat' dir='ltr'><strong>cum</strong></span> <span class='ocrx_word' id='word_1_461' title='bbox 311 4828 529 4936; x_wconf 52' lang='lat' dir='ltr'><strong>narraretnte</strong></span> <span class='ocrx_word' id='word_1_462' title='bbox 548 4818 593 4888; x_wconf 90' lang='lat' dir='ltr'><strong>de</strong></span> <span class='ocrx_word' id='word_1_463' title='bbox 616 4819 828 4909; x_wconf 83' lang='lat' dir='ltr'><strong>migratione</strong></span> <span class='ocrx_word' id='word_1_464' title='bbox 853 4821 1026 4912; x_wconf 75' lang='lat' dir='ltr'><strong>cogitare,</strong></span> <span class='ocrx_word' id='word_1_465' title='bbox 1057 4833 1094 4892; x_wconf 86' lang='lat' dir='ltr'><strong>et</strong></span> <span class='ocrx_word' id='word_1_466' title='bbox 1155 4817 1164 4828; x_wconf 78' lang='grc'><strong>’</strong></span> <span class='ocrx_word' id='word_1_467' title='bbox 1208 4839 1688 4920; x_wconf 64' lang='lat' dir='ltr'><strong>npr.e.13t.1v.p.1tseqq.-</strong></span> <span class='ocrx_word' id='word_1_468' title='bbox 1722 4839 1774 4894; x_wconf 78' lang='lat' dir='ltr'><strong>tite</strong></span> <span class='ocrx_word' id='word_1_469' title='bbox 1790 4857 1823 4893; x_wconf 71' lang='lat' dir='ltr'><strong>en</strong></span> <span class='ocrx_word' id='word_1_470' title='bbox 1841 4835 1997 4918; x_wconf 68' lang='lat' dir='ltr'><strong>apogr-pte</strong></span> <span class='ocrx_word' id='word_1_471' title='bbox 2019 4833 2047 4891; x_wconf 80' lang='lat' dir='ltr'><strong>ta</strong></span> <span class='ocrx_word' id='word_1_472' title='bbox 2068 4833 2135 4918; x_wconf 66' lang='lat' dir='ltr'><strong>eae.</strong></span> 
     </span>
     <span class='ocr_line' id='line_1_46' title="bbox 95 4904 2133 5044; baseline 0.004 -54"><span class='ocrx_word' id='word_1_473' title='bbox 95 4940 237 4990; x_wconf 86' lang='lat' dir='ltr'><strong>causam</strong></span> <span class='ocrx_word' id='word_1_474' title='bbox 254 4940 341 4988; x_wconf 78' lang='lat' dir='ltr'><strong>novi</strong></span> <span class='ocrx_word' id='word_1_475' title='bbox 354 4917 495 4988; x_wconf 84' lang='lat' dir='ltr'><strong>consrln</strong></span> <span class='ocrx_word' id='word_1_476' title='bbox 510 4935 819 5007; x_wconf 87' lang='lat' dir='ltr'><strong>commemoraret,</strong></span> <span class='ocrx_word' id='word_1_477' title='bbox 842 4923 982 4994; x_wconf 79' lang='lat' dir='ltr'><strong>fatebor</strong></span> <span class='ocrx_word' id='word_1_478' title='bbox 994 4925 1092 5018; x_wconf 88' lang='lat' dir='ltr'><strong>quod</strong></span> <span class='ocrx_word' id='word_1_479' title='bbox 1242 4916 1357 5044; x_wconf 49' lang='grc' dir='ltr'><strong>ΞΜ·</strong></span> <span class='ocrx_word' id='word_1_480' title='bbox 1370 4913 1406 4996; x_wconf 79' lang='lat'><strong>¹¹:</strong></span> <span class='ocrx_word' id='word_1_481' title='bbox 1423 4929 1449 4984; x_wconf 61' lang='lat' dir='ltr'><strong>t</strong></span> <span class='ocrx_word' id='word_1_482' title='bbox 1466 4909 1555 5039; x_wconf 40' lang='grc' dir='ltr'><strong>ᾗδὲ</strong></span> <span class='ocrx_word' id='word_1_483' title='bbox 1568 4909 1642 5033; x_wconf 56' lang='grc' dir='ltr'><strong>ΤΜ</strong></span> <span class='ocrx_word' id='word_1_484' title='bbox 1662 4929 1693 5032; x_wconf 62' lang='grc' dir='ltr'><strong>ξ·</strong></span> <span class='ocrx_word' id='word_1_485' title='bbox 1713 4904 1883 5032; x_wconf 55' lang='grc' dir='ltr'><strong>’Ἥξζιξξ</strong></span> <span class='ocrx_word' id='word_1_486' title='bbox 1904 4908 2133 5030; x_wconf 49' lang='grc' dir='ltr'><strong>ῒκἾΡξξξκψ</strong></span> 
     </span>
     <span class='ocr_line' id='line_1_47' title="bbox 95 4993 2064 5104; baseline 0.005 -14"><span class='ocrx_word' id='word_1_487' title='bbox 95 5043 151 5090; x_wconf 87' lang='lat' dir='ltr'><strong>res</strong></span> <span class='ocrx_word' id='word_1_488' title='bbox 172 5029 247 5104; x_wconf 80' lang='lat' dir='ltr'><strong>cat,</strong></span> <span class='ocrx_word' id='word_1_489' title='bbox 272 5017 375 5090; x_wconf 84' lang='lat' dir='ltr'><strong>valde</strong></span> <span class='ocrx_word' id='word_1_490' title='bbox 395 5033 639 5094; x_wconf 84' lang='lat' dir='ltr'><strong>consternatus</strong></span> <span class='ocrx_word' id='word_1_491' title='bbox 660 5045 750 5097; x_wconf 86' lang='lat' dir='ltr'><strong>sum.</strong></span> <span class='ocrx_word' id='word_1_492' title='bbox 799 5020 973 5094; x_wconf 83' lang='lat' dir='ltr'><strong>Dolebam</strong></span> <span class='ocrx_word' id='word_1_493' title='bbox 996 5025 1092 5096; x_wconf 84' lang='lat' dir='ltr'><strong>enim</strong></span> <span class='ocrx_word' id='word_1_494' title='bbox 1279 4994 1339 5055; x_wconf 52' lang='grc' dir='ltr'><strong>ω’</strong></span> <span class='ocrx_word' id='word_1_495' title='bbox 1354 4999 1455 5058; x_wconf 59' lang='lat'><strong>“⁸³⁰⁶</strong></span> <span class='ocrx_word' id='word_1_496' title='bbox 1556 4997 1666 5052; x_wconf 61' lang='lat' dir='ltr'><strong>mm</strong></span> <span class='ocrx_word' id='word_1_497' title='bbox 1687 4994 1753 5053; x_wconf 51' lang='grc' dir='ltr'>Ψ</span> <span class='ocrx_word' id='word_1_498' title='bbox 1822 5013 1834 5046; x_wconf 84' lang='lat'>&#39;</span> <span class='ocrx_word' id='word_1_499' title='bbox 1883 5013 1895 5032; x_wconf 69' lang='lat'>⁸</span> <span class='ocrx_word' id='word_1_500' title='bbox 1931 4993 1977 5046; x_wconf 52' lang='lat'><strong>⁰⁹</strong></span> <span class='ocrx_word' id='word_1_501' title='bbox 2055 5014 2064 5030; x_wconf 63' lang='lat'><em>⁶</em></span> 
     </span>
     <span class='ocr_line' id='line_1_48' title="bbox 97 5115 1835 5220; baseline 0.01 -28"><span class='ocrx_word' id='word_1_502' title='bbox 97 5122 161 5192; x_wconf 83' lang='lat' dir='ltr'><strong>etsi</strong></span> <span class='ocrx_word' id='word_1_503' title='bbox 178 5141 322 5193; x_wconf 82' lang='lat' dir='ltr'><strong>causam</strong></span> <span class='ocrx_word' id='word_1_504' title='bbox 335 5120 576 5213; x_wconf 81' lang='lat' dir='ltr'><strong>intelligebam</strong></span> <span class='ocrx_word' id='word_1_505' title='bbox 590 5147 666 5196; x_wconf 85' lang='lat' dir='ltr'><strong>non</strong></span> <span class='ocrx_word' id='word_1_506' title='bbox 682 5147 846 5216; x_wconf 87' lang='lat' dir='ltr'><strong>magnam</strong></span> <span class='ocrx_word' id='word_1_507' title='bbox 862 5147 955 5211; x_wconf 85' lang='lat' dir='ltr'><strong>esse,</strong></span> <span class='ocrx_word' id='word_1_508' title='bbox 980 5115 1092 5220; x_wconf 49' lang='lat' dir='ltr'><strong>et‘pe·</strong></span> <span class='ocrx_word' id='word_1_509' title='bbox 1446 5133 1557 5212; x_wconf 82' lang='lat' dir='ltr'><strong>Vita</strong></span> <span class='ocrx_word' id='word_1_510' title='bbox 1578 5129 1616 5208; x_wconf 86' lang='lat' dir='ltr'><em>T</em></span> <span class='ocrx_word' id='word_1_511' title='bbox 1623 5125 1835 5209; x_wconf 70' lang='lat' dir='ltr'><strong>teodoro</strong></span> 
     </span>
    </p>

    <p class='ocr_par' dir='ltr' id='par_1_22' title="bbox 67 5215 1245 5367">
     <span class='ocr_line' id='line_1_49' title="bbox 67 5215 1245 5367; baseline 0.006 -75"><span class='ocrx_word' id='word_1_512' title='bbox 67 5251 74 5258; x_wconf 95' lang='lat'>·</span> <span class='ocrx_word' id='word_1_513' title='bbox 98 5221 201 5294; x_wconf 78' lang='lat' dir='ltr'><strong>ticoli</strong></span> <span class='ocrx_word' id='word_1_514' title='bbox 224 5215 319 5292; x_wconf 87' lang='lat' dir='ltr'><strong>nihil</strong></span> <span class='ocrx_word' id='word_1_515' title='bbox 340 5245 436 5308; x_wconf 81' lang='lat' dir='ltr'><strong>esse.</strong></span> <span class='ocrx_word' id='word_1_516' title='bbox 461 5237 583 5311; x_wconf 26' lang='lat' dir='ltr'><strong>,umen</strong></span> <span class='ocrx_word' id='word_1_517' title='bbox 606 5239 640 5300; x_wconf 89' lang='lat' dir='ltr'><strong>te</strong></span> <span class='ocrx_word' id='word_1_518' title='bbox 660 5249 736 5300; x_wconf 91' lang='lat' dir='ltr'><strong>non</strong></span> <span class='ocrx_word' id='word_1_519' title='bbox 753 5225 825 5298; x_wconf 78' lang='lat' dir='ltr'><strong>frui</strong></span> <span class='ocrx_word' id='word_1_520' title='bbox 847 5225 976 5300; x_wconf 85' lang='lat' dir='ltr'><strong>usitata</strong></span> <span class='ocrx_word' id='word_1_521' title='bbox 992 5241 1092 5301; x_wconf 86' lang='lat' dir='ltr'><strong>tran·</strong></span> <span class='ocrx_word' id='word_1_522' title='bbox 1139 5273 1186 5366; x_wconf 57' lang='lat' dir='ltr'>S</span> <span class='ocrx_word' id='word_1_523' title='bbox 1208 5291 1245 5367; x_wconf 68' lang='lat' dir='ltr'><strong>n</strong></span> 
     </span>
    </p>
   </div>
   <div class='ocr_carea' id='block_1_12' title="bbox 2140 4805 2158 4840">
    <p class='ocr_par' dir='ltr' id='par_1_23' title="bbox 2140 4805 2158 4840">
     <span class='ocr_line' id='line_1_50' title="bbox 2140 4805 2158 4840; baseline 0 0"><span class='ocrx_word' id='word_1_524' title='bbox 2140 4805 2158 4840; x_wconf 71' lang='lat' dir='ltr'><strong>t</strong></span> 
     </span>
    </p>
   </div>
   <div class='ocr_carea' id='block_1_13' title="bbox 100 5277 2133 5603">
    <p class='ocr_par' dir='ltr' id='par_1_24' title="bbox 100 5277 2133 5603">
     <span class='ocr_line' id='line_1_51' title="bbox 1306 5277 2133 5382; baseline -0.019 -19"><span class='ocrx_word' id='word_1_525' title='bbox 1306 5289 1413 5382; x_wconf 87' lang='lat' dir='ltr'><strong>Quod</strong></span> <span class='ocrx_word' id='word_1_526' title='bbox 1431 5289 1585 5360; x_wconf 77' lang='lat' dir='ltr'><strong>faustum</strong></span> <span class='ocrx_word' id='word_1_527' title='bbox 1601 5299 1636 5357; x_wconf 88' lang='lat' dir='ltr'><strong>et</strong></span> <span class='ocrx_word' id='word_1_528' title='bbox 1649 5283 1734 5356; x_wconf 82' lang='lat' dir='ltr'><strong>felir</strong></span> <span class='ocrx_word' id='word_1_529' title='bbox 1757 5281 1824 5369; x_wconf 86' lang='lat' dir='ltr'><strong>sit,</strong></span> <span class='ocrx_word' id='word_1_530' title='bbox 1853 5281 1945 5354; x_wconf 86' lang='lat' dir='ltr'><strong>redii</strong></span> <span class='ocrx_word' id='word_1_531' title='bbox 1971 5304 2012 5352; x_wconf 84' lang='lat' dir='ltr'><strong>ex</strong></span> <span class='ocrx_word' id='word_1_532' title='bbox 2026 5277 2133 5353; x_wconf 83' lang='lat' dir='ltr'><strong>Ubiis</strong></span> 
     </span>
     <span class='ocr_line' id='line_1_52' title="bbox 100 5375 2131 5482; baseline -0.014 -1"><span class='ocrx_word' id='word_1_533' title='bbox 100 5407 299 5424; x_wconf 84' lang='grc'><em>“““““““““</em></span> <span class='ocrx_word' id='word_1_534' title='bbox 484 5469 489 5474; x_wconf 91' lang='grc'>.</span> <span class='ocrx_word' id='word_1_535' title='bbox 1140 5399 1307 5476; x_wconf 87' lang='lat' dir='ltr'><strong>domum,</strong></span> <span class='ocrx_word' id='word_1_536' title='bbox 1331 5415 1375 5464; x_wconf 88' lang='lat' dir='ltr'><strong>eo</strong></span> <span class='ocrx_word' id='word_1_537' title='bbox 1388 5391 1465 5473; x_wconf 85' lang='lat' dir='ltr'><strong>die,</strong></span> <span class='ocrx_word' id='word_1_538' title='bbox 1490 5409 1561 5482; x_wconf 86' lang='lat' dir='ltr'><strong>quo</strong></span> <span class='ocrx_word' id='word_1_539' title='bbox 1578 5381 1743 5479; x_wconf 80' lang='lat' dir='ltr'><strong>Apostoli</strong></span> <span class='ocrx_word' id='word_1_540' title='bbox 1760 5399 1795 5455; x_wconf 94' lang='lat' dir='ltr'><strong>et</strong></span> <span class='ocrx_word' id='word_1_541' title='bbox 1808 5385 1870 5454; x_wconf 83' lang='lat' dir='ltr'><strong>alii</strong></span> <span class='ocrx_word' id='word_1_542' title='bbox 1892 5407 2017 5456; x_wconf 87' lang='lat' dir='ltr'><strong>eorum</strong></span> <span class='ocrx_word' id='word_1_543' title='bbox 2039 5375 2131 5454; x_wconf 78' lang='lat' dir='ltr'><strong>orir-</strong></span> 
     </span>
     <span class='ocr_line' id='line_1_53' title="bbox 131 5482 2133 5603; baseline -0.015 -17"><span class='ocrx_word' id='word_1_544' title='bbox 131 5525 160 5597; x_wconf 78' lang='lat'><strong>⁸)</strong></span> <span class='ocrx_word' id='word_1_545' title='bbox 176 5525 295 5586; x_wconf 70' lang='lat' dir='ltr'><strong>vaserat</strong></span> <span class='ocrx_word' id='word_1_546' title='bbox 308 5525 560 5601; x_wconf 64' lang='lat' dir='ltr'><strong>unguetenus.</strong></span> <span class='ocrx_word' id='word_1_547' title='bbox 576 5531 701 5603; x_wconf 66' lang='lat' dir='ltr'><strong>tegunt</strong></span> <span class='ocrx_word' id='word_1_548' title='bbox 1068 5535 1078 5554; x_wconf 43' lang='grc' dir='ltr'><strong>ε</strong></span> <span class='ocrx_word' id='word_1_549' title='bbox 1138 5521 1240 5600; x_wconf 77' lang='lat' dir='ltr'><strong>rpyoc</strong></span> <span class='ocrx_word' id='word_1_550' title='bbox 1255 5519 1297 5568; x_wconf 83' lang='lat' dir='ltr'><strong>ex</strong></span> <span class='ocrx_word' id='word_1_551' title='bbox 1312 5489 1446 5565; x_wconf 77' lang='lat' dir='ltr'><strong>diisitia</strong></span> <span class='ocrx_word' id='word_1_552' title='bbox 1461 5487 1550 5562; x_wconf 88' lang='lat' dir='ltr'><strong>locis</strong></span> <span class='ocrx_word' id='word_1_553' title='bbox 1570 5489 1741 5562; x_wconf 80' lang='lat' dir='ltr'><strong>dicuutur</strong></span> <span class='ocrx_word' id='word_1_554' title='bbox 1759 5489 1806 5558; x_wconf 89' lang='lat' dir='ltr'><strong>ad</strong></span> <span class='ocrx_word' id='word_1_555' title='bbox 1818 5483 1959 5564; x_wconf 84' lang='lat' dir='ltr'><strong>Mariae</strong></span> <span class='ocrx_word' id='word_1_556' title='bbox 1979 5482 2133 5556; x_wconf 88' lang='lat' dir='ltr'><strong>moritu-</strong></span> 
     </span>
    </p>
   </div>
   <div class='ocr_carea' id='block_1_14' title="bbox 0 0 2426 6256">
    <p class='ocr_par' dir='ltr' id='par_1_25' title="bbox 0 0 2426 6256">
     <span class='ocr_line' id='line_1_54' title="bbox 0 0 2426 6256; baseline 0 3"><span class='ocrx_word' id='word_1_557' title='bbox 0 0 2426 6256; x_wconf 95' lang='lat' dir='ltr'><strong> </strong></span> 
     </span>
    </p>
   </div>
  </div>
 </body>
</html>
