4864 6244
92 315 166 402 861
675 310 1115 391 EPISTOLARUM
1165 309 1271 392 LlB.
1305 315 1370 394 IX.
1425 315 1558 392 tots.
2068 323 2145 398 862

202 492 312 586 Quod
332 515 417 564 vero
438 489 589 583 putatis,
610 513 676 562 nos
695 485 754 561 hic
776 489 888 562 multa
909 489 1033 560 audire
1050 489 1096 559 de
1145 485 1343 562 haereditas
1356 491 1421 562 filii
1435 489 1514 568 Dei.
1567 493 1681 564 Video
1703 489 1860 568 humana
1880 495 2055 588 praesidia
2075 497 2141 566 ad-

93 599 192 671 bello
212 612 247 670 et
263 595 374 686 copiis
389 591 547 664 Henrici
564 588 884 678 Brunswicensis,
910 593 1015 682 longe
1028 590 1095 662 ali·
1145 595 1291 665 modum
1308 595 1476 686 languida
1493 619 1576 667 esse.
1614 594 1711 667 Bene
1728 613 1761 670 et
1777 598 1928 670 feliciter
1943 599 2032 673 vale.
2065 595 2139 670 Da-

95 717 152 775 ter
175 701 225 775 lit.
282 696 473 769 Silentium
498 696 630 766 mirum
653 699 758 766 dere
785 709 901 780 tanta,
928 695 1009 764 ideo
1031 717 1094 762 vos
1144 709 1216 782 tae,
1242 695 1475 768 Mausleldine
1498 700 1555 768 die
1576 694 1613 773 5.
1628 695 1753 771 Octbr.
1804 701 1964 773 Salutem
1987 717 2071 794 opto
2091 698 2137 770 D.

95 826 180 886 oro,
207 813 248 872 ut
262 794 354 869 mihi
370 799 634 894 quamprimum
652 814 744 871 certa
759 797 938 878 scribatis,
964 796 1027 866 ubi
1050 795 1094 867 sit
1142 796 1291 871 Rectori
1307 814 1341 872 et
1355 798 1400 874 D.
1415 795 1636 895 Augustino.

93 903 179 978 Dux
193 899 396 987 Henricus,
422 926 467 970 an
483 896 612 971 habeat
627 913 860 983 commeatus,
882 923 927 969 an
944 897 1094 968 cinxerit
1622 899 1811 999 Philippus
1828 897 1988 1002 ἀδελφός
2004 923 2085 978 000,

93 1007 283 1081 obsidione
299 1029 413 1074 arcem
429 997 704 1102 Wolsenhiitel.
745 1001 804 1072 An
818 993 1093 1095 Landgroaius

95 1108 285 1194 adduxerit
310 1106 511 1176 exercitum
574 1105 721 1192 Noster,
746 1105 895 1185 dicitur,
921 1116 1092 1173 venturus

95 1216 141 1284 ad
178 1201 383 1280 Molleusen
418 1221 497 1300 post
529 1207 701 1280 triduum.
760 1205 917 1276 Tantum
951 1207 1093 1291 scimus,
1141 1231 1208 1307 No·
1227 1229 1339 1310 5284·
2007 1243 2060 1324 (h.
2074 1243 2122 1322 t.)

94 1337 212 1386 arcem
222 1305 438 1381 Steinhrucls
449 1322 653 1401 occupatam
670 1330 742 1377 esse
751 1299 801 1400 *).
833 1305 910 1398 Ego
930 1321 963 1378 et
979 1333 1092 1399 spero,
1150 1330 1320 1360 ww
1995 1337 2131 1366 w-

94 1415 213 1488 Deum
231 1427 426 1496 aeternum,
443 1409 584 1480 Patrem
599 1409 748 1479 Domini
761 1411 875 1478 nostri
893 1407 972 1478 lesu
985 1405 1091 1480 Chri-
1323 1433 1525 1549 crucige),
1548 1436 1611 1522 ad
1638 1437 1691 1520 Io
1736 1467 1767 1522 a
1792 1437 1940 1522 LaSkO

99 1520 157 1605 sti,
184 1519 412 1590 defensurum
431 1535 504 1581 esse
519 1509 706 1596 Ecclesiae,
731 1524 766 1581 et
781 1509 929 1582 Politias
942 1523 1091 1592 nostras,
1694 1500 1704 1523 ⁶
1941 1498 1953 1522 ⁸

99 1635 135 1692 et
150 1634 191 1690 ut
209 1618 394 1699 defendat,
420 1628 517 1704 regat
534 1627 569 1684 et
589 1627 720 1702 servet,
745 1637 821 1689 oro.
870 1611 969 1684 Beue
990 1626 1026 1684 et
1038 1615 1092 1684 le·
1209 1613 1247 1668 Ee
1264 1615 1389 1688 epieteti,
1407 1617 1490 1674 viror·
1508 1617 1574 1674 ctae.
1592 1619 1656 1676 edit.
1676 1639 1691 1674 ι
1711 1618 1871 1677 Gabemun.
1890 1639 1916 1692 p.
1932 1617 1975 1676 64.

95 1725 214 1793 limes
228 1719 352 1788 ‘'³¹⁸¹‘'
402 1713 471 1788 Dm
487 1715 524 1791 5·
539 1712 718 1789 O⁰i⁰b¹¹⁸⁸
1141 1765 1351 1848 Nobilitate
1366 1775 1525 1870 generis,
1545 1771 1713 1858 doctrina
1730 1787 1762 1850 et
1776 1777 1911 1879 pietate
1924 1769 2136 1876 praestanti

1144 1876 1241 1961 viro,
1266 1873 1321 1952 D.
1347 1872 1372 1946 I
1382 1875 1531 1948 oanni
1555 1905 1579 1948 a
1606 1875 1779 1978 Lasky‚
1808 1905 1854 1953 ex
1876 1873 2135 1977 nobiiisumi-

921 2005 923 2010 ·
1144 1976 1199 2049 lia
1218 1975 1436 2070 Baranum,
1462 1979 1660 2078 inspectori
1688 1991 1718 2054 et
1738 1981 1984 2079 gubernatori
2003 1966 2135 2052 Eccle-

1141 2081 1285 2152 siurum
1302 2078 1343 2150 in
1357 2075 1402 2150 F
1396 2078 1490 2150 risia
1510 2077 1721 2171 Orientali,
1749 2083 1899 2158 domino
1919 2111 1986 2157 suo
2005 2079 2135 2154 multis

100 2181 175 2254 No.
190 2179 305 2255 3283.
740 2190 773 2256 6.
792 2185 864 2254 Oct.
886 2187 1080 2271 (llendetd.)
1162 2199 1169 2208 '
1406 2183 1618 2256 nominibus
1634 2184 1880 2272 observando,

93 2277 314 2316 m
716 2279 1083 2316 Μ

839 1814 1041 1912 Philippus.

632 2388 640 2405 ,
1140 2301 1187 2393 S·
1212 2316 1259 2394 D.
1308 2314 1400 2390 Cum
1416 2314 1506 2388 mihi
1521 2321 1578 2391 vir
1601 2323 1754 2412 optimus
1771 2319 1877 2392 Halo
1893 2317 2135 2418 Amsuirus*)

434 2379 479 2474 C·
512 2380 756 2499 C'Wgem·
1141 2447 1244 2514 saepe
1269 2421 1375 2513 pleno
1406 2443 1467 2490 ore
1500 2425 1719 2515 praedicaret
1743 2426 1952 2498 'excellentes
1986 2428 2136 2496 virtutes

159 2558 235 2628 pp,
253 2577 267 2612 ,
289 2563 350 2631 ομ
367 2557 397 2614 3„
417 2559 481 2617 eod.
499 2559 571 2616 ΒΜ,
586 2561 673 2620 pm
687 2563 947 2626 vuarmatiam.
965 2587 1015 2626 no.
1029 2569 1091 2630 908.
1141 2538 1219 2595 tuas
1242 2547 1323 2594 cum
1346 2524 1519 2613 singulari
1542 2526 1647 2596 laude
1671 2521 1903 2599 humanitatis
1918 2529 2136 2613 coniunctas,

195 2646 224 2700 p.
236 2577 322 2684 nib.
1141 2627 1207 2698 etsi
1221 2620 1312 2694 mihi
1329 2627 1373 2696 de
1389 2627 1432 2694 iis
1449 2626 1519 2696 iam
1536 2642 1617 2698 aute
1634 2631 1677 2699 de
1693 2630 1784 2700 sama
1802 2643 1976 2701 constaret
1997 2645 2031 2702 et
2046 2629 2135 2699 alio·

1141 2754 1221 2801 rum
1243 2729 1431 2820 praeclaris
1453 2729 1664 2800 testimoniis
1687 2734 1888 2814 constabat,
1914 2747 2031 2804 tamen
2048 2729 2135 2802 Ha-

1142 2828 1241 2902 lonis
1258 2830 1418 2901 oratione
1442 2855 1516 2900 uon
1538 2835 1765 2905 mediocriter
1788 2835 1955 2906 incensus
1978 2859 2057 2906 sum
2072 2859 2135 2905 cu-

1140 2935 1288 3028 piditate
1315 2933 1558 3005 conciliandae
1585 2936 1736 3009 alicuius
1764 2949 1882 3008 tecum
1909 2937 2075 3023 notitiae,
2101 2947 2135 3006 et

84 3019 132 3111 S.
159 3037 206 3116 D.
257 3038 302 3113 In
324 3038 382 3113 his
404 3043 496 3136 iugis
520 3043 703 3120 Her-ciniis
724 3050 927 3125 invenimus
947 3053 993 3130 1),
1009 3053 1092 3128 Spe,
1140 3039 1259 3132 aliqua
1283 3036 1466 3107 occasione
1485 3036 1693 3109 insinuandi
1713 3063 1770 3109 me
1789 3039 2035 3113 inamicitiam
2053 3039 2134 3111 talis

81 3134 276 3240 pisanum,
302 3143 487 3218 Medicum
503 3146 709 3244 Cygneum,
736 3155 798 3248 qui
817 3149 1020 3254 i‘aiidirffl
1037 3163 1090 3231 af.
1139 3141 1225 3224 viri,
1252 3162 1357 3232 quem
1380 3152 1525 3230 propter
1541 3163 1695 3210 summas
1710 3144 2036 3213 commendationes
2059 3165 2135 3211 non

82 3245 273 3332 firmabat,
296 3243 366 3320 τὸν
383 3247 608 3346 Μαυρίτιον,
622 3269 658 3326 et
671 3256 790 3328 vivere
812 3271 847 3328 et
864 3264 1090 3333 couvalesce—
1140 3265 1283 3334 ΡΟεειΠη
1303 3264 1377 3309 ⁰⁰¹¹
1394 3240 1543 3311 mi‘ififfl
1565 3265 1686 3312 amm
1700 3245 1904 3334 ⁰⁰¹¹¹Pl⁰⁰¹i²
1926 3243 2132 3336 Pl'aesertim

82 3371 143 3433 re,
187 3349 283 3441 quod
312 3351 425 3421 laetor
450 3353 501 3422 ita
529 3377 613 3428 esse,
679 3353 778 3452 Περὶ
810 3357 973 3452 πολέμου
1004 3358 1045 3436 δὲ
1061 3362 1088 3461 ¹)
1139 3369 1218 3414 cum
1236 3337 1326 3412 mihi
1342 3355 1444 3410 antea
1464 3343 1529 3412 visi
1546 3355 1579 3412 et
1595 3346 1726 3435 cogniti
1744 3345 1901 3416 sintviri
1917 3335 2133 3438 praestantes

81 3444 260 3522 trenetur
275 3449 478 3545 παροιμίας
498 3450 651 3552 γίνεται.
678 3455 724 3529 οὐ
765 3455 815 3554 ἀρ
831 3456 948 3534 πόλλα
967 3465 1088 3560 Qu),-
1139 3447 1264 3515 fratres
1289 3444 1362 3528 tui,
1387 3441 1639 3538 Hieronymus
1661 3461 1695 3518 et
1720 3440 1953 3534 Ladislaus,
1979 3471 2133 3542 quorum

79 3551 200 3622 λεῖται
227 3548 340 3622 καινὰ
372 3547 536 3640 ἐνθάδε,
562 3553 627 3628 καὶ
653 3555 855 3653 ἐθαυμασα
886 3561 1089 3666 ὀλψωρίαν
1138 3573 1219 3618 cum
1236 3571 1276 3617 ex
1298 3547 1372 3638 ipsa
1395 3548 1509 3637 specie
1528 3547 1718 3638 singularis
1735 3551 1789 3618 vis
1810 3551 1944 3642 ingenii
1969 3551 2132 3634 eluceret,

79 3653 123 3724 ἐν
149 3644 323 3746 τοσὸύτῳ
346 3648 526 3752 κινδύνῳ.
579 3653 734 3732 untias
754 3659 873 3762 γὰρὸ
899 3663 1087 3766 tumst)
1138 3663 1171 3720 et
1186 3663 1225 3720 tu
1237 3651 1282 3720 ab
1298 3647 1370 3717 illis
1382 3649 1511 3719 nativis
1525 3650 1577 3720 tui
1593 3653 1881 3741 generisdotibus
1894 3647 1987 3722 nihil
2003 3652 2133 3721 disces-

78 3745 187 3824 πάνυ
214 3751 403 3852 Meauiv³)
432 3754 553 3845 λείαν,
590 3756 641 3842 ὡς
662 3757 777 3837 πάλαι
796 3765 945 3862 ἔφασαν
970 3769 1087 3847 adata
1137 3751 1245 3838 seris,
1270 3753 1329 3822 sed
1348 3753 1392 3821 ad
1409 3752 1500 3822 illud
1516 3755 1621 3824 clectis
1636 3756 1862 3828 excellentem
1884 3754 2082 3825 doctrinam
2098 3767 2132 3824 et
2159 3796 2163 3804 =

76 3845 251 3947 ποιήσειν
272 3850 412 3939 ταύτας
433 3853 572 3956 χώρας,
625 3863 726 3954 Quae
754 3886 896 3945 nal-ma
923 3867 981 3944 hic
1003 3890 1087 3948 ,unt
1136 3855 1315 3945 singulare
1338 3855 1495 3924 studium
1521 3857 1660 3945 pietatis
1680 3857 1900 3926 adiunxeris:
1927 3858 2033 3947 longe
2055 3879 2132 3924 ma-

74 3957 210 4048 scripsi
229 3951 354 4028 Paulo
379 3955 657 4062 συμφιλοσόφῳ
679 3984 812 4044 nostro,
865 3972 956 4046 fleri
981 3978 1087 4048 etiam
1137 3958 1246 4028 iorem
1263 3957 1315 4027 tui
1332 3957 1603 4027 admirationem
1619 3953 1710 4027 milri
1724 3959 1939 4040 coordinati,
1965 3960 2027 4052 qui
2047 3981 2131 4050 prae

75 4053 140 4130 M
138 4057 314 4154 aguntini
330 4057 361 4155 ⁴)
384 4089 480 4134 mors
504 4079 597 4136 certe
623 4071 791 4143 nunciata
814 4087 876 4150 est,
927 4077 1002 4149 ΝΟ,
1024 4106 1085 4150 ve,
1137 4061 1281 4132 caeteris
1298 4055 1365 4128 hoc
1387 4072 1554 4152 tanquam
1573 4061 1750 4150 peculiare
1767 4058 1834 4130 Dei
1851 4061 2130 4132 donummerito

75 4165 128 4235 ris
152 4163 317 4254 precibus
339 4160 417 4235 Deo
442 4171 732 4242 commendamus
752 4175 901 4250 salutem
922 4183 1085 4253 ecclesia,
1137 4176 1170 4233 et
1186 4161 1312 4231 eximie
1326 4161 1603 4253 praedicandum
1620 4165 1722 4246 duco,
1745 4166 1841 4256 quod
1859 4164 1920 4233 illa
1939 4163 2013 4253 ipsa
2027 4185 2131 4256 prae-

75 4289 162 4338 rum
189 4277 222 4334 et
244 4266 510 4356 doctrinarum,
536 4284 571 4342 et
594 4253 804 4367 discipliuae
827 4281 1086 4372 defensionem,
1135 4264 2027 4356 ⁰¹³f³⁰s¹¹³m⁰¹¹1³³dPl⁰l³³8³¹l⁰¹¹⁰¹¹¹d⁰⁰l¹⁸i¹¹³⁸
2050 4287 2130 4333 ⁶⁰⁸·

80 4382 123 4440 ut
150 4366 199 4436 sit
215 4367 334 4462 aliqua
352 4383 386 4440 et
408 4392 505 4442 nunc
521 4379 555 4444 ‘et
573 4375 619 4445 ad
634 4389 795 4470 posteros
809 4381 904 4454 inter
918 4381 1085 4457 homine,
1134 4366 1231 4437 lestis
1246 4379 1282 4436 et
1295 4365 1540 4435 celebrandam
1557 4367 1708 4457 gloriam
1722 4364 1791 4437 Dei
1811 4367 2006 4438 contulisti.
2057 4364 2130 4436 Sed

1133 4493 1213 4538 cum
1239 4463 1330 4537 mihi
1354 4481 1388 4538 et
1407 4469 1544 4537 occasio
1570 4471 1723 4550 deesset,
1751 4494 1841 4564 quae
1865 4472 2001 4540 aditum
2024 4469 2069 4538 ad
2095 4482 2129 4537 te

1131 4564 1352 4662 patefaceret,
1370 4584 1406 4641 et
1418 4571 1630 4640 verecundia
1646 4573 1802 4642 obstaret
1819 4570 2004 4664 cupiditati
2020 4593 2129 4654 meae,

109 4685 142 4757 *)
164 4687 209 4740 De
228 4685 382 4756 toebetto,
401 4691 650 4761 quodMelantlou
670 4697 698 4752 iu
718 4699 1017 4778 epistolir‚quaeiam
1036 4727 1080 4764 se·
1130 4673 1170 4744 in
1185 4666 1571 4766 nimquepulchi'eme
1592 4669 1869 4758 adiUl'iiHana
1895 4696 1975 4744 ⁰⁰⁰¹
1997 4671 2128 4741 distes·
2215 4743 2223 4752 ,

145 4760 712 4890 ffiffi>inwgggtssefflmme4¹ppffv4i¹73
740 4772 804 4828 vid-¹
820 4774 941 4833 narrato
968 4779 1080 4834 uberior
1130 4799 1234 4846 surus
1256 4798 1275 4844 a
1301 4774 1406 4846 nobis
1429 4774 1548 4846 literas
1572 4800 1590 4846 a
1614 4800 1688 4860 me,
1714 4775 1844 4868 quibus
1869 4777 1914 4844 ad
1940 4786 1974 4843 te
1994 4773 2127 4844 rediret

106 4909 236 5035 ”alipta
253 4913 295 4966 rel
313 4911 345 4968 ad
366 4933 416 4996 pro
434 4916 465 4970 dl
486 4851 649 5000 legiensium,
671 4875 763 4978 reldi
781 4925 813 4982 ed
831 4929 964 5001 scriptum
985 4932 1077 4994 luisse.
1129 4877 1429 4998 commepdatior'
1450 4878 1653 4968 postillam
1685 4875 1782 4996 ,Nim
1799 4890 1832 4947 ei
1850 4877 1986 4994 ocfasio
2003 4874 2125 4945 idonei

194 4986 292 5052 ροιμια
309 4991 350 5036 eu
367 4983 412 5037 uta
435 4995 595 5044 nocturnae
624 4997 693 5050 nes
718 4995 968 5074 trecenties,
996 5009 1076 5064 ene
1126 4994 1297 5074 tempora
1319 4995 1469 5072 utraque
1495 5001 1602 5048 manu
1625 4981 1827 5070 arripienda
1859 4979 2064 5061 videbatur,
2089 4989 2127 5046 et

102 5055 290 5207 ampo„
309 5137 371 5190 Dux
389 5137 534 5196 „mm
1126 5083 1332 5177 quominus
1350 5105 1507 5160 vererer,
1534 5081 1681 5174 nequid
1700 5081 1936 5166 offenderem,
1963 5079 2123 5150 animum
2139 5091 2144 5098 '

101 5221 133 5288 a)
157 5221 216 5274 aa.
236 5217 795 5308 n1520130rum‚q„0,·my,;„,mum
814 5233 1071 5312 mmmmm,
1123 5180 1215 5255 mihi
1245 5185 1339 5254 idem
1370 5182 1508 5252 addidit
1542 5204 1604 5252 sua
1635 5183 1705 5252 lide
1734 5183 1960 5276 interposita,
1992 5181 2123 5252 contir-

137 5291 359 5412 tttttt'tt:
382 5300 458 5414 plii.
475 5295 654 5422 'stillitllt
675 5319 748 5425 ‘iiii
785 5303 900 5428 ”iii¹⁰
918 5309 1011 5383 Μ’
1037 5311 1071 5367 '¹’

369 5394 378 5424 ·
590 5404 598 5420 ·
655 5405 664 5421 ·
750 5391 805 5444 ·e·
883 5393 944 5448 aa·

99 5437 280 5566 t)dA1hern‘‚
307 5437 484 5526 Archiepism
501 5444 627 5516 lllngunt.
652 5450 685 5506 de
715 5455 794 5512 euius
810 5469 901 5514 morte
920 5460 976 5516 rid.
996 5461 1069 5518 Slei·
1158 5463 1192 5533 *l
1213 5463 1330 5519 Videtur
1350 5463 1423 5518 idem
1442 5481 1500 5521 esee
1519 5461 1566 5538 qui
1589 5463 1617 5520 in
1636 5463 1706 5520 lllel.
1723 5465 1846 5540 epistolis
1865 5465 1936 5520 Helo
1955 5460 2056 5518 Frisios
2074 5479 2124 5532 ap-

156 5527 195 5565 ιη
224 5508 327 5580 utto.
359 5509 439 5568 otuu
456 5511 501 5570 dte
518 5514 562 5572 2⁴.
580 5515 674 5591 septo.
692 5522 719 5578 h.
736 5541 763 5579 a.
1192 5533 1324 5609 pellatur.

87 2782 322 2862 Clarissima
344 2787 441 2871 viro,
469 2783 672 2863 eruditione
703 2801 736 2864 et
763 2791 894 2866 uirtute
919 2795 1091 2896 praedito

110 2888 169 2962 D.
190 2883 406 2990 Caspari
424 2881 691 2988 Crucigero,
718 2891 872 2997 ἀδελφῷ
887 2895 1068 3000 φιλτάτῳ.

80 4565 295 4581 -n—-t-
