<?xml version="1.0" encoding="UTF-8"?>
<!DOCTYPE html PUBLIC "-//W3C//DTD XHTML 1.0 Transitional//EN"
    "http://www.w3.org/TR/xhtml1/DTD/xhtml1-transitional.dtd">
<html xmlns="http://www.w3.org/1999/xhtml" xml:lang="en" lang="en">
 <head>
  <title>
</title>
<meta http-equiv="Content-Type" content="text/html;charset=utf-8" />
  <meta name='ocr-system' content='tesseract 3.04.00' />
  <meta name='ocr-capabilities' content='ocr_page ocr_carea ocr_par ocr_line ocrx_word'/>
</head>
<body>
  <div class='ocr_page' id='page_1' title='image "./copusreformator00bretgoog_0067.png"; bbox 0 0 4890 6250; ppageno 0'>
   <div class='ocr_carea' id='block_1_1' title="bbox 117 325 2161 426">
    <p class='ocr_par' dir='ltr' id='par_1_1' title="bbox 117 325 2161 426">
     <span class='ocr_line' id='line_1_1' title="bbox 117 325 2161 426; baseline 0.004 -22"><span class='ocrx_word' id='word_1_1' title='bbox 117 333 165 412; x_wconf 80' lang='lat'>55</span> <span class='ocrx_word' id='word_1_2' title='bbox 708 325 1142 410; x_wconf 76' lang='lat' dir='ltr'><strong>EPISTOLARUM</strong></span> <span class='ocrx_word' id='word_1_3' title='bbox 1196 329 1307 406; x_wconf 78' lang='lat' dir='ltr'>utu</span> <span class='ocrx_word' id='word_1_4' title='bbox 1342 331 1410 412; x_wconf 82' lang='lat' dir='ltr'>IX.</span> <span class='ocrx_word' id='word_1_5' title='bbox 1461 331 1596 410; x_wconf 77' lang='lat' dir='ltr'>rste.</span> <span class='ocrx_word' id='word_1_6' title='bbox 2108 347 2161 426; x_wconf 74' lang='lat'>06</span> 
     </span>
    </p>
   </div>
   <div class='ocr_carea' id='block_1_2' title="bbox 115 500 2160 3246">
    <p class='ocr_par' dir='ltr' id='par_1_2' title="bbox 115 500 2160 806">
     <span class='ocr_line' id='line_1_2' title="bbox 117 500 2158 600; baseline -0.005 -20"><span class='ocrx_word' id='word_1_7' title='bbox 117 519 234 580; x_wconf 84' lang='lat' dir='ltr'>essent</span> <span class='ocrx_word' id='word_1_8' title='bbox 246 505 455 600; x_wconf 76' lang='lat' dir='ltr'>patefactae,</span> <span class='ocrx_word' id='word_1_9' title='bbox 470 503 1117 600; x_wconf 69' lang='lat' dir='ltr'>quaprosnooromnpnetanao,</span> <span class='ocrx_word' id='word_1_10' title='bbox 1164 500 1360 581; x_wconf 72' lang='lat' dir='ltr'>Nosses.</span> <span class='ocrx_word' id='word_1_11' title='bbox 1994 527 2052 594; x_wconf 62' lang='grc' dir='ltr'>ις,</span> <span class='ocrx_word' id='word_1_12' title='bbox 2069 517 2158 590; x_wconf 57' lang='grc' dir='ltr'>Μ,</span> 
     </span>
     <span class='ocr_line' id='line_1_3' title="bbox 115 599 2160 706; baseline -0.007 -24"><span class='ocrx_word' id='word_1_13' title='bbox 115 611 324 706; x_wconf 83' lang='lat' dir='ltr'>symbolum</span> <span class='ocrx_word' id='word_1_14' title='bbox 346 608 508 696; x_wconf 67' lang='lat' dir='ltr'>necuit,</span> <span class='ocrx_word' id='word_1_15' title='bbox 535 611 632 703; x_wconf 79' lang='lat' dir='ltr'>quod</span> <span class='ocrx_word' id='word_1_16' title='bbox 655 609 818 678; x_wconf 77' lang='lat' dir='ltr'>comitari</span> <span class='ocrx_word' id='word_1_17' title='bbox 838 607 1039 678; x_wconf 89' lang='lat' dir='ltr'>doctrinam</span> <span class='ocrx_word' id='word_1_18' title='bbox 1053 608 1116 676; x_wconf 87' lang='lat' dir='ltr'>de·</span> <span class='ocrx_word' id='word_1_19' title='bbox 1172 599 1344 632; x_wconf 48' lang='grc' dir='ltr'><strong>Μ</strong></span> <span class='ocrx_word' id='word_1_20' title='bbox 1988 613 2160 644; x_wconf 57' lang='lat' dir='ltr'>W*</span> 
     </span>
     <span class='ocr_line' id='line_1_4' title="bbox 116 669 1833 806; baseline -0.008 -20"><span class='ocrx_word' id='word_1_21' title='bbox 116 715 187 788; x_wconf 87' lang='lat' dir='ltr'>bet.</span> <span class='ocrx_word' id='word_1_22' title='bbox 240 709 317 782; x_wconf 86' lang='lat' dir='ltr'>Nec</span> <span class='ocrx_word' id='word_1_23' title='bbox 340 711 533 780; x_wconf 65' lang='lat' dir='ltr'>&amp;sonatur</span> <span class='ocrx_word' id='word_1_24' title='bbox 555 711 656 802; x_wconf 89' lang='lat' dir='ltr'>prior</span> <span class='ocrx_word' id='word_1_25' title='bbox 669 710 885 801; x_wconf 85' lang='lat' dir='ltr'>baptismus,</span> <span class='ocrx_word' id='word_1_26' title='bbox 912 721 954 778; x_wconf 91' lang='lat' dir='ltr'>ut</span> <span class='ocrx_word' id='word_1_27' title='bbox 969 705 1116 778; x_wconf 76' lang='lat' dir='ltr'>Anaba-</span> <span class='ocrx_word' id='word_1_28' title='bbox 1482 669 1559 806; x_wconf 62' lang='lat' dir='ltr'>Ge·</span> <span class='ocrx_word' id='word_1_29' title='bbox 1583 671 1833 788; x_wconf 68' lang='lat' dir='ltr'>Spflifliitw·</span> 
     </span>
    </p>

    <p class='ocr_par' dir='ltr' id='par_1_3' title="bbox 117 809 2158 1003">
     <span class='ocr_line' id='line_1_5' title="bbox 117 809 2158 942; baseline -0.008 -56"><span class='ocrx_word' id='word_1_30' title='bbox 117 815 246 908; x_wconf 85' lang='lat' dir='ltr'>ptistae</span> <span class='ocrx_word' id='word_1_31' title='bbox 268 833 368 884; x_wconf 86' lang='lat' dir='ltr'>nune</span> <span class='ocrx_word' id='word_1_32' title='bbox 386 811 559 882; x_wconf 81' lang='lat' dir='ltr'>dammnt</span> <span class='ocrx_word' id='word_1_33' title='bbox 584 811 762 882; x_wconf 81' lang='lat' dir='ltr'>intantum</span> <span class='ocrx_word' id='word_1_34' title='bbox 781 811 1016 926; x_wconf 80' lang='lat' dir='ltr'>baptismum,</span> <span class='ocrx_word' id='word_1_35' title='bbox 1053 809 1115 878; x_wconf 87' lang='lat' dir='ltr'>scd</span> <span class='ocrx_word' id='word_1_36' title='bbox 1234 849 1461 938; x_wconf 48' lang='lat' dir='ltr'>nnmh</span> <span class='ocrx_word' id='word_1_37' title='bbox 1474 854 1536 909; x_wconf 84' lang='lat' dir='ltr'>eod.</span> <span class='ocrx_word' id='word_1_38' title='bbox 1552 853 1652 912; x_wconf 56' lang='grc' dir='ltr'><strong>Μ</strong></span> <span class='ocrx_word' id='word_1_39' title='bbox 1667 855 2005 936; x_wconf 35' lang='lat' dir='ltr'>mmmmm</span> <span class='ocrx_word' id='word_1_40' title='bbox 2021 863 2158 942; x_wconf 48' lang='lat' dir='ltr'><strong><em>m</em></strong></span> 
     </span>
     <span class='ocr_line' id='line_1_6' title="bbox 119 906 1603 1003; baseline -0.004 -17"><span class='ocrx_word' id='word_1_41' title='bbox 119 915 353 986; x_wconf 80' lang='lat' dir='ltr'>confirmatur</span> <span class='ocrx_word' id='word_1_42' title='bbox 369 906 600 1003; x_wconf 85' lang='lat' dir='ltr'>emendato&#39;)</span> <span class='ocrx_word' id='word_1_43' title='bbox 621 936 751 986; x_wconf 88' lang='lat' dir='ltr'>errore.</span> <span class='ocrx_word' id='word_1_44' title='bbox 809 910 915 982; x_wconf 89' lang='lat' dir='ltr'>Nunc</span> <span class='ocrx_word' id='word_1_45' title='bbox 942 935 1040 980; x_wconf 90' lang='lat' dir='ltr'>enun</span> <span class='ocrx_word' id='word_1_46' title='bbox 1062 923 1116 981; x_wconf 91' lang='lat' dir='ltr'>te-</span> <span class='ocrx_word' id='word_1_47' title='bbox 1269 921 1603 980; x_wconf 62' lang='lat' dir='ltr'>automeentoefio.</span> 
     </span>
    </p>

    <p class='ocr_par' dir='ltr' id='par_1_4' title="bbox 122 1009 1587 1108">
     <span class='ocr_line' id='line_1_7' title="bbox 122 1009 1587 1108; baseline -0.007 -20"><span class='ocrx_word' id='word_1_48' title='bbox 122 1029 262 1089; x_wconf 79' lang='lat' dir='ltr'>stanter</span> <span class='ocrx_word' id='word_1_49' title='bbox 280 1009 470 1108; x_wconf 80' lang='lat' dir='ltr'>Apostoli,</span> <span class='ocrx_word' id='word_1_50' title='bbox 501 1027 597 1084; x_wconf 88' lang='lat' dir='ltr'>reete</span> <span class='ocrx_word' id='word_1_51' title='bbox 617 1013 748 1084; x_wconf 82' lang='lat' dir='ltr'>lactum</span> <span class='ocrx_word' id='word_1_52' title='bbox 772 1036 865 1097; x_wconf 84' lang='lat' dir='ltr'>esse,</span> <span class='ocrx_word' id='word_1_53' title='bbox 896 1013 993 1105; x_wconf 87' lang='lat' dir='ltr'>quod</span> <span class='ocrx_word' id='word_1_54' title='bbox 1017 1011 1116 1082; x_wconf 80' lang='lat' dir='ltr'>istis</span> <span class='ocrx_word' id='word_1_55' title='bbox 1579 1079 1587 1096; x_wconf 65' lang='grc'><strong>,</strong></span> 
     </span>
    </p>

    <p class='ocr_par' dir='ltr' id='par_1_5' title="bbox 124 1073 1912 1210">
     <span class='ocr_line' id='line_1_8' title="bbox 124 1073 1912 1210; baseline -0.004 -22"><span class='ocrx_word' id='word_1_56' title='bbox 124 1113 283 1188; x_wconf 80' lang='lat' dir='ltr'>lohanue</span> <span class='ocrx_word' id='word_1_57' title='bbox 297 1113 466 1210; x_wconf 83' lang='lat' dir='ltr'>baptizati</span> <span class='ocrx_word' id='word_1_58' title='bbox 478 1127 582 1200; x_wconf 82' lang='lat' dir='ltr'>sunt,</span> <span class='ocrx_word' id='word_1_59' title='bbox 605 1129 639 1186; x_wconf 87' lang='lat' dir='ltr'>et</span> <span class='ocrx_word' id='word_1_60' title='bbox 656 1115 753 1209; x_wconf 87' lang='lat' dir='ltr'>quod</span> <span class='ocrx_word' id='word_1_61' title='bbox 768 1113 1059 1198; x_wconf 87' lang='lat' dir='ltr'>eicrediderunt‚</span> <span class='ocrx_word' id='word_1_62' title='bbox 1081 1125 1117 1183; x_wconf 88' lang='lat' dir='ltr'>et</span> <span class='ocrx_word' id='word_1_63' title='bbox 1412 1073 1616 1177; x_wconf 65' lang='lat' dir='ltr'>GWW</span> <span class='ocrx_word' id='word_1_64' title='bbox 1638 1079 1912 1182; x_wconf 48' lang='lat' dir='ltr'>Siminina</span> 
     </span>
    </p>

    <p class='ocr_par' dir='ltr' id='par_1_6' title="bbox 118 1189 2160 3246">
     <span class='ocr_line' id='line_1_9' title="bbox 128 1189 2157 1318; baseline 0.001 -30"><span class='ocrx_word' id='word_1_65' title='bbox 128 1219 338 1312; x_wconf 75' lang='lat' dir='ltr'><strong>praedictam</strong></span> <span class='ocrx_word' id='word_1_66' title='bbox 358 1241 379 1286; x_wconf 88' lang='lat' dir='ltr'>a</span> <span class='ocrx_word' id='word_1_67' title='bbox 397 1211 557 1286; x_wconf 75' lang='lat' dir='ltr'><strong>Iohanne</strong></span> <span class='ocrx_word' id='word_1_68' title='bbox 578 1217 746 1302; x_wconf 86' lang='lat' dir='ltr'>salutem,</span> <span class='ocrx_word' id='word_1_69' title='bbox 771 1227 945 1286; x_wconf 74' lang='lat' dir='ltr'>testantur</span> <span class='ocrx_word' id='word_1_70' title='bbox 965 1214 1035 1284; x_wconf 88' lang='lat' dir='ltr'>iarn</span> <span class='ocrx_word' id='word_1_71' title='bbox 1055 1238 1117 1284; x_wconf 81' lang='lat' dir='ltr'>ex-</span> <span class='ocrx_word' id='word_1_72' title='bbox 1164 1189 1209 1282; x_wconf 80' lang='lat' dir='ltr'>S·</span> <span class='ocrx_word' id='word_1_73' title='bbox 1237 1209 1282 1286; x_wconf 85' lang='lat' dir='ltr'>D.</span> <span class='ocrx_word' id='word_1_74' title='bbox 1330 1205 1441 1283; x_wconf 82' lang='lat' dir='ltr'>Mitto</span> <span class='ocrx_word' id='word_1_75' title='bbox 1462 1213 1529 1285; x_wconf 91' lang='lat' dir='ltr'>tibi</span> <span class='ocrx_word' id='word_1_76' title='bbox 1554 1217 1642 1286; x_wconf 87' lang='lat' dir='ltr'>duas</span> <span class='ocrx_word' id='word_1_77' title='bbox 1662 1211 1977 1316; x_wconf 76' lang='lat' dir='ltr'>eonduncuss*),</span> <span class='ocrx_word' id='word_1_78' title='bbox 2005 1245 2157 1318; x_wconf 78' lang='lat' dir='ltr'>querum</span> 
     </span>
     <span class='ocr_line' id='line_1_10' title="bbox 126 1313 2157 1418; baseline -0.001 -27"><span class='ocrx_word' id='word_1_79' title='bbox 126 1317 274 1391; x_wconf 85' lang='lat' dir='ltr'>bibitam</span> <span class='ocrx_word' id='word_1_80' title='bbox 293 1340 379 1388; x_wconf 89' lang='lat' dir='ltr'>esse.</span> <span class='ocrx_word' id='word_1_81' title='bbox 428 1315 499 1390; x_wconf 87' lang='lat' dir='ltr'>Sed</span> <span class='ocrx_word' id='word_1_82' title='bbox 519 1315 550 1387; x_wconf 84' lang='lat' dir='ltr'>si</span> <span class='ocrx_word' id='word_1_83' title='bbox 574 1313 633 1387; x_wconf 91' lang='lat' dir='ltr'>isti</span> <span class='ocrx_word' id='word_1_84' title='bbox 653 1341 750 1388; x_wconf 89' lang='lat' dir='ltr'>nunc</span> <span class='ocrx_word' id='word_1_85' title='bbox 768 1330 953 1386; x_wconf 88' lang='lat' dir='ltr'>manerent</span> <span class='ocrx_word' id='word_1_86' title='bbox 977 1314 1017 1384; x_wconf 90' lang='lat' dir='ltr'>in</span> <span class='ocrx_word' id='word_1_87' title='bbox 1042 1315 1117 1406; x_wconf 90' lang='lat' dir='ltr'>pri·</span> <span class='ocrx_word' id='word_1_88' title='bbox 1165 1314 1353 1383; x_wconf 89' lang='lat' dir='ltr'>lectionem</span> <span class='ocrx_word' id='word_1_89' title='bbox 1368 1315 1435 1384; x_wconf 90' lang='lat' dir='ltr'>tibi</span> <span class='ocrx_word' id='word_1_90' title='bbox 1451 1339 1526 1386; x_wconf 93' lang='lat' dir='ltr'>non</span> <span class='ocrx_word' id='word_1_91' title='bbox 1540 1315 1723 1388; x_wconf 77' lang='lat' dir='ltr'>insuavem</span> <span class='ocrx_word' id='word_1_92' title='bbox 1737 1318 1814 1391; x_wconf 83' lang='lat' dir='ltr'>iore</span> <span class='ocrx_word' id='word_1_93' title='bbox 1828 1341 1942 1414; x_wconf 83' lang='lat' dir='ltr'>spero.</span> <span class='ocrx_word' id='word_1_94' title='bbox 1991 1318 2070 1418; x_wconf 73' lang='lat' dir='ltr'>Ego</span> <span class='ocrx_word' id='word_1_95' title='bbox 2090 1327 2157 1400; x_wconf 68' lang='lat' dir='ltr'>ersi</span> 
     </span>
     <span class='ocr_line' id='line_1_11' title="bbox 123 1413 2159 1514; baseline -0.003 -22"><span class='ocrx_word' id='word_1_96' title='bbox 123 1423 214 1494; x_wconf 89' lang='lat' dir='ltr'>stina</span> <span class='ocrx_word' id='word_1_97' title='bbox 230 1420 422 1514; x_wconf 88' lang='lat' dir='ltr'>opinione,</span> <span class='ocrx_word' id='word_1_98' title='bbox 446 1414 563 1488; x_wconf 88' lang='lat' dir='ltr'>adhuc</span> <span class='ocrx_word' id='word_1_99' title='bbox 579 1419 833 1510; x_wconf 81' lang='lat' dir='ltr'>expectandum</span> <span class='ocrx_word' id='word_1_100' title='bbox 848 1441 921 1487; x_wconf 88' lang='lat' dir='ltr'>esse</span> <span class='ocrx_word' id='word_1_101' title='bbox 936 1415 1116 1496; x_wconf 78' lang='lat' dir='ltr'>Messinm,</span> <span class='ocrx_word' id='word_1_102' title='bbox 1165 1413 1269 1484; x_wconf 86' lang='lat' dir='ltr'>video</span> <span class='ocrx_word' id='word_1_103' title='bbox 1284 1416 1489 1508; x_wconf 88' lang='lat' dir='ltr'>impendere</span> <span class='ocrx_word' id='word_1_104' title='bbox 1510 1442 1653 1510; x_wconf 82' lang='lat' dir='ltr'>magnas</span> <span class='ocrx_word' id='word_1_105' title='bbox 1674 1443 1796 1492; x_wconf 88' lang='lat' dir='ltr'>rerum</span> <span class='ocrx_word' id='word_1_106' title='bbox 1819 1415 2055 1498; x_wconf 78' lang='lat' dir='ltr'>humansrum</span> <span class='ocrx_word' id='word_1_107' title='bbox 2077 1452 2159 1501; x_wconf 78' lang='lat' dir='ltr'>mu.</span> 
     </span>
     <span class='ocr_line' id='line_1_12' title="bbox 121 1513 2158 1616; baseline 0.002 -24"><span class='ocrx_word' id='word_1_108' title='bbox 121 1523 326 1616; x_wconf 88' lang='lat' dir='ltr'>polluerent</span> <span class='ocrx_word' id='word_1_109' title='bbox 337 1519 554 1612; x_wconf 83' lang='lat' dir='ltr'>baptismum</span> <span class='ocrx_word' id='word_1_110' title='bbox 567 1519 723 1612; x_wconf 84' lang='lat' dir='ltr'>priorem</span> <span class='ocrx_word' id='word_1_111' title='bbox 743 1515 851 1590; x_wconf 89' lang='lat' dir='ltr'>huius</span> <span class='ocrx_word' id='word_1_112' title='bbox 872 1519 1003 1588; x_wconf 88' lang='lat' dir='ltr'>erroris</span> <span class='ocrx_word' id='word_1_113' title='bbox 1025 1517 1115 1595; x_wconf 90' lang='lat' dir='ltr'>labe,</span> <span class='ocrx_word' id='word_1_114' title='bbox 1165 1517 1335 1604; x_wconf 89' lang='lat' dir='ltr'>tationes,</span> <span class='ocrx_word' id='word_1_115' title='bbox 1373 1531 1492 1588; x_wconf 89' lang='lat' dir='ltr'>tamen</span> <span class='ocrx_word' id='word_1_116' title='bbox 1520 1513 1604 1591; x_wconf 91' lang='lat' dir='ltr'>haec</span> <span class='ocrx_word' id='word_1_117' title='bbox 1628 1522 1746 1592; x_wconf 88' lang='lat' dir='ltr'>studia</span> <span class='ocrx_word' id='word_1_118' title='bbox 1769 1545 1844 1593; x_wconf 90' lang='lat' dir='ltr'>non</span> <span class='ocrx_word' id='word_1_119' title='bbox 1867 1525 2064 1600; x_wconf 74' lang='lat' dir='ltr'>abiicienda</span> <span class='ocrx_word' id='word_1_120' title='bbox 2084 1553 2158 1602; x_wconf 83' lang='lat' dir='ltr'>esse</span> 
     </span>
     <span class='ocr_line' id='line_1_13' title="bbox 119 1617 2158 1720; baseline 0 -26"><span class='ocrx_word' id='word_1_121' title='bbox 119 1650 189 1720; x_wconf 90' lang='lat' dir='ltr'>qua</span> <span class='ocrx_word' id='word_1_122' title='bbox 206 1623 314 1694; x_wconf 90' lang='lat' dir='ltr'>etiam</span> <span class='ocrx_word' id='word_1_123' title='bbox 327 1621 528 1694; x_wconf 82' lang='lat' dir='ltr'>amitterent</span> <span class='ocrx_word' id='word_1_124' title='bbox 538 1621 706 1692; x_wconf 90' lang='lat' dir='ltr'>donatam</span> <span class='ocrx_word' id='word_1_125' title='bbox 721 1619 1063 1698; x_wconf 79' lang='lat' dir='ltr'>reconciliationem,</span> <span class='ocrx_word' id='word_1_126' title='bbox 1085 1619 1116 1687; x_wconf 90' lang='lat' dir='ltr'>si</span> <span class='ocrx_word' id='word_1_127' title='bbox 1166 1641 1303 1693; x_wconf 88' lang='lat' dir='ltr'>censeo.</span> <span class='ocrx_word' id='word_1_128' title='bbox 1352 1617 1524 1690; x_wconf 88' lang='lat' dir='ltr'>Mansura</span> <span class='ocrx_word' id='word_1_129' title='bbox 1537 1635 1588 1692; x_wconf 90' lang='lat' dir='ltr'>est</span> <span class='ocrx_word' id='word_1_130' title='bbox 1610 1622 1706 1692; x_wconf 89' lang='lat' dir='ltr'>euim</span> <span class='ocrx_word' id='word_1_131' title='bbox 1720 1619 1880 1695; x_wconf 80' lang='lat' dir='ltr'>Ecclesia</span> <span class='ocrx_word' id='word_1_132' title='bbox 1891 1623 1979 1714; x_wconf 88' lang='lat' dir='ltr'>Dei,</span> <span class='ocrx_word' id='word_1_133' title='bbox 2004 1623 2071 1702; x_wconf 74' lang='lat' dir='ltr'>hnc</span> <span class='ocrx_word' id='word_1_134' title='bbox 2091 1653 2158 1704; x_wconf 75' lang='lat' dir='ltr'>nos</span> 
     </span>
     <span class='ocr_line' id='line_1_14' title="bbox 120 1719 2156 1822; baseline 0.002 -26"><span class='ocrx_word' id='word_1_135' title='bbox 120 1724 264 1796; x_wconf 89' lang='lat' dir='ltr'>nollent</span> <span class='ocrx_word' id='word_1_136' title='bbox 276 1721 441 1794; x_wconf 72' lang='lat' dir='ltr'>assentiri</span> <span class='ocrx_word' id='word_1_137' title='bbox 455 1745 570 1793; x_wconf 81' lang='lat' dir='ltr'>novae</span> <span class='ocrx_word' id='word_1_138' title='bbox 583 1723 837 1815; x_wconf 88' lang='lat' dir='ltr'>praedicationi</span> <span class='ocrx_word' id='word_1_139' title='bbox 851 1719 1116 1811; x_wconf 85' lang='lat' dir='ltr'>Apostolomm.</span> <span class='ocrx_word' id='word_1_140' title='bbox 1167 1742 1245 1812; x_wconf 90' lang='lat' dir='ltr'>spe,</span> <span class='ocrx_word' id='word_1_141' title='bbox 1271 1719 1403 1812; x_wconf 89' lang='lat' dir='ltr'>optime</span> <span class='ocrx_word' id='word_1_142' title='bbox 1420 1735 1454 1792; x_wconf 92' lang='lat' dir='ltr'>et</span> <span class='ocrx_word' id='word_1_143' title='bbox 1477 1723 1594 1797; x_wconf 89' lang='lat' dir='ltr'>cariss.</span> <span class='ocrx_word' id='word_1_144' title='bbox 1611 1720 1656 1799; x_wconf 88' lang='grc' dir='ltr'>Ι).</span> <span class='ocrx_word' id='word_1_145' title='bbox 1670 1719 1886 1822; x_wconf 80' lang='lat' dir='ltr'>Spoletine,</span> <span class='ocrx_word' id='word_1_146' title='bbox 1911 1741 2156 1808; x_wconf 71' lang='lat' dir='ltr'>sustentemus.</span> 
     </span>
     <span class='ocr_line' id='line_1_15' title="bbox 118 1819 2158 1918; baseline 0.004 -20"><span class='ocrx_word' id='word_1_147' title='bbox 118 1825 217 1918; x_wconf 84' lang='lat' dir='ltr'>Ergo</span> <span class='ocrx_word' id='word_1_148' title='bbox 246 1840 289 1897; x_wconf 93' lang='lat' dir='ltr'>ut</span> <span class='ocrx_word' id='word_1_149' title='bbox 318 1823 518 1914; x_wconf 78' lang='lat' dir='ltr'>intelligant</span> <span class='ocrx_word' id='word_1_150' title='bbox 542 1847 625 1893; x_wconf 79' lang='lat' dir='ltr'>rere</span> <span class='ocrx_word' id='word_1_151' title='bbox 645 1819 838 1894; x_wconf 77' lang='lat' dir='ltr'>exhibitam</span> <span class='ocrx_word' id='word_1_152' title='bbox 861 1845 935 1892; x_wconf 90' lang='lat' dir='ltr'>esse</span> <span class='ocrx_word' id='word_1_153' title='bbox 956 1823 1118 1905; x_wconf 90' lang='lat' dir='ltr'>salutem,</span> <span class='ocrx_word' id='word_1_154' title='bbox 1171 1819 1246 1892; x_wconf 91' lang='lat' dir='ltr'>lmo</span> <span class='ocrx_word' id='word_1_155' title='bbox 1276 1834 1312 1891; x_wconf 91' lang='lat' dir='ltr'>et</span> <span class='ocrx_word' id='word_1_156' title='bbox 1339 1821 1482 1894; x_wconf 90' lang='lat' dir='ltr'>indiciis</span> <span class='ocrx_word' id='word_1_157' title='bbox 1508 1847 1696 1896; x_wconf 89' lang='lat' dir='ltr'>mansurae</span> <span class='ocrx_word' id='word_1_158' title='bbox 1722 1821 1901 1897; x_wconf 77' lang='lat' dir='ltr'>Ecclesiae</span> <span class='ocrx_word' id='word_1_159' title='bbox 1933 1831 2158 1908; x_wconf 84' lang='lat' dir='ltr'>consolemur</span> 
     </span>
     <span class='ocr_line' id='line_1_16' title="bbox 119 1921 2158 2020; baseline 0.003 -20"><span class='ocrx_word' id='word_1_160' title='bbox 119 1929 303 2020; x_wconf 89' lang='lat' dir='ltr'>accipiunt</span> <span class='ocrx_word' id='word_1_161' title='bbox 324 1950 405 1998; x_wconf 88' lang='lat' dir='ltr'>cum</span> <span class='ocrx_word' id='word_1_162' title='bbox 431 1925 627 2018; x_wconf 89' lang='lat' dir='ltr'>baptismo,</span> <span class='ocrx_word' id='word_1_163' title='bbox 666 1926 770 1993; x_wconf 86' lang='lat' dir='ltr'>etiam</span> <span class='ocrx_word' id='word_1_164' title='bbox 803 1925 987 1994; x_wconf 84' lang='lat' dir='ltr'>manifesta</span> <span class='ocrx_word' id='word_1_165' title='bbox 1024 1925 1116 1992; x_wconf 90' lang='lat' dir='ltr'>dona</span> <span class='ocrx_word' id='word_1_166' title='bbox 1167 1947 1233 1991; x_wconf 89' lang='lat' dir='ltr'>nos</span> <span class='ocrx_word' id='word_1_167' title='bbox 1248 1924 1415 1994; x_wconf 80' lang='lat' dir='ltr'>adversus</span> <span class='ocrx_word' id='word_1_168' title='bbox 1429 1921 1705 2018; x_wconf 81' lang='lat' dir='ltr'>sycophantias,</span> <span class='ocrx_word' id='word_1_169' title='bbox 1726 1951 1817 2020; x_wconf 88' lang='lat' dir='ltr'>quae</span> <span class='ocrx_word' id='word_1_170' title='bbox 1836 1927 1935 2000; x_wconf 86' lang='lat' dir='ltr'>nulla</span> <span class='ocrx_word' id='word_1_171' title='bbox 1949 1945 2061 2006; x_wconf 80' lang='lat' dir='ltr'>eetete</span> <span class='ocrx_word' id='word_1_172' title='bbox 2082 1959 2158 2006; x_wconf 93' lang='lat' dir='ltr'>non</span> 
     </span>
     <span class='ocr_line' id='line_1_17' title="bbox 121 2019 2159 2122; baseline 0.003 -20"><span class='ocrx_word' id='word_1_173' title='bbox 121 2029 282 2122; x_wconf 83' lang='lat' dir='ltr'>Spiritus</span> <span class='ocrx_word' id='word_1_174' title='bbox 301 2025 434 2112; x_wconf 75' lang='lat' dir='ltr'>murti,</span> <span class='ocrx_word' id='word_1_175' title='bbox 464 2042 506 2098; x_wconf 94' lang='lat' dir='ltr'>ut</span> <span class='ocrx_word' id='word_1_176' title='bbox 527 2026 729 2116; x_wconf 75' lang='lat' dir='ltr'>intelligant</span> <span class='ocrx_word' id='word_1_177' title='bbox 745 2023 912 2096; x_wconf 80' lang='lat' dir='ltr'>Messium</span> <span class='ocrx_word' id='word_1_178' title='bbox 934 2019 1117 2095; x_wconf 77' lang='lat' dir='ltr'>inchoasse</span> <span class='ocrx_word' id='word_1_179' title='bbox 1167 2040 1397 2096; x_wconf 84' lang='lat' dir='ltr'>exercuerunt</span> <span class='ocrx_word' id='word_1_180' title='bbox 1415 2041 1604 2117; x_wconf 84' lang='lat' dir='ltr'>occupatos</span> <span class='ocrx_word' id='word_1_181' title='bbox 1623 2027 1775 2119; x_wconf 87' lang='lat' dir='ltr'>publicis</span> <span class='ocrx_word' id='word_1_182' title='bbox 1789 2029 1951 2120; x_wconf 83' lang='lat' dir='ltr'>negotiis.</span> <span class='ocrx_word' id='word_1_183' title='bbox 2001 2031 2110 2108; x_wconf 80' lang='lat' dir='ltr'>Mitto</span> <span class='ocrx_word' id='word_1_184' title='bbox 2124 2052 2159 2109; x_wconf 90' lang='lat' dir='ltr'>et</span> 
     </span>
     <span class='ocr_line' id='line_1_18' title="bbox 122 2125 2160 2219; baseline 0.005 -19"><span class='ocrx_word' id='word_1_185' title='bbox 122 2156 258 2200; x_wconf 83' lang='lat' dir='ltr'>novum</span> <span class='ocrx_word' id='word_1_186' title='bbox 279 2143 311 2200; x_wconf 87' lang='lat' dir='ltr'>et</span> <span class='ocrx_word' id='word_1_187' title='bbox 334 2141 517 2198; x_wconf 89' lang='lat' dir='ltr'>aeternum</span> <span class='ocrx_word' id='word_1_188' title='bbox 536 2151 703 2216; x_wconf 83' lang='lat' dir='ltr'>regumn,</span> <span class='ocrx_word' id='word_1_189' title='bbox 735 2141 770 2197; x_wconf 86' lang='lat' dir='ltr'>et</span> <span class='ocrx_word' id='word_1_190' title='bbox 791 2131 970 2218; x_wconf 89' lang='lat' dir='ltr'>deponant</span> <span class='ocrx_word' id='word_1_191' title='bbox 992 2125 1118 2214; x_wconf 82' lang='lat' dir='ltr'>imagi-</span> <span class='ocrx_word' id='word_1_192' title='bbox 1169 2129 1310 2196; x_wconf 89' lang='lat' dir='ltr'>brevem</span> <span class='ocrx_word' id='word_1_193' title='bbox 1325 2128 1589 2219; x_wconf 89' lang='lat' dir='ltr'>responsionem</span> <span class='ocrx_word' id='word_1_194' title='bbox 1614 2131 1658 2198; x_wconf 87' lang='lat' dir='ltr'>de</span> <span class='ocrx_word' id='word_1_195' title='bbox 1679 2127 1937 2207; x_wconf 81' lang='lat' dir='ltr'>contractibus.</span> <span class='ocrx_word' id='word_1_196' title='bbox 1984 2129 2076 2208; x_wconf 74' lang='lat' dir='ltr'>Naro</span> <span class='ocrx_word' id='word_1_197' title='bbox 2102 2137 2160 2210; x_wconf 90' lang='lat' dir='ltr'>in·</span> 
     </span>
     <span class='ocr_line' id='line_1_19' title="bbox 123 2226 2158 2332; baseline 0.001 -30"><span class='ocrx_word' id='word_1_198' title='bbox 123 2234 287 2302; x_wconf 87' lang='lat' dir='ltr'>nationes</span> <span class='ocrx_word' id='word_1_199' title='bbox 306 2233 350 2301; x_wconf 81' lang='lat' dir='ltr'>cle</span> <span class='ocrx_word' id='word_1_200' title='bbox 375 2230 524 2322; x_wconf 89' lang='lat' dir='ltr'>imperio</span> <span class='ocrx_word' id='word_1_201' title='bbox 546 2231 702 2321; x_wconf 85' lang='lat' dir='ltr'>politico.</span> <span class='ocrx_word' id='word_1_202' title='bbox 753 2227 866 2299; x_wconf 84' lang='lat' dir='ltr'>Antea</span> <span class='ocrx_word' id='word_1_203' title='bbox 889 2229 957 2298; x_wconf 85' lang='lat' dir='ltr'>fide</span> <span class='ocrx_word' id='word_1_204' title='bbox 975 2226 1117 2298; x_wconf 88' lang='lat' dir='ltr'>venturi</span> <span class='ocrx_word' id='word_1_205' title='bbox 1168 2243 1262 2317; x_wconf 81' lang='lat' dir='ltr'>tegre</span> <span class='ocrx_word' id='word_1_206' title='bbox 1285 2250 1434 2298; x_wconf 85' lang='lat' dir='ltr'>resnou</span> <span class='ocrx_word' id='word_1_207' title='bbox 1453 2243 1568 2320; x_wconf 92' lang='lat' dir='ltr'>potest</span> <span class='ocrx_word' id='word_1_208' title='bbox 1591 2231 1759 2322; x_wconf 81' lang='lat' dir='ltr'>explicari</span> <span class='ocrx_word' id='word_1_209' title='bbox 1780 2231 1857 2302; x_wconf 90' lang='lat' dir='ltr'>sine</span> <span class='ocrx_word' id='word_1_210' title='bbox 1879 2233 1984 2324; x_wconf 70' lang='lat' dir='ltr'>longa</span> <span class='ocrx_word' id='word_1_211' title='bbox 1999 2235 2158 2332; x_wconf 66' lang='lat' dir='ltr'>‹lisputa-</span> 
     </span>
     <span class='ocr_line' id='line_1_20' title="bbox 122 2328 2158 2425; baseline 0.001 -21"><span class='ocrx_word' id='word_1_212' title='bbox 122 2333 272 2404; x_wconf 89' lang='lat' dir='ltr'>Domini</span> <span class='ocrx_word' id='word_1_213' title='bbox 306 2333 496 2402; x_wconf 88' lang='lat' dir='ltr'>credebant</span> <span class='ocrx_word' id='word_1_214' title='bbox 528 2331 598 2400; x_wconf 93' lang='lat' dir='ltr'>sibi</span> <span class='ocrx_word' id='word_1_215' title='bbox 631 2331 774 2400; x_wconf 88' lang='lat' dir='ltr'>remissa</span> <span class='ocrx_word' id='word_1_216' title='bbox 807 2345 955 2422; x_wconf 85' lang='lat' dir='ltr'>peccata.</span> <span class='ocrx_word' id='word_1_217' title='bbox 1013 2328 1118 2400; x_wconf 88' lang='lat' dir='ltr'>Nune</span> <span class='ocrx_word' id='word_1_218' title='bbox 1167 2330 1283 2414; x_wconf 90' lang='lat' dir='ltr'>tione,</span> <span class='ocrx_word' id='word_1_219' title='bbox 1308 2344 1343 2399; x_wconf 90' lang='lat' dir='ltr'>et</span> <span class='ocrx_word' id='word_1_220' title='bbox 1355 2345 1448 2400; x_wconf 90' lang='lat' dir='ltr'>certe</span> <span class='ocrx_word' id='word_1_221' title='bbox 1463 2355 1563 2402; x_wconf 88' lang='lat' dir='ltr'>sarco</span> <span class='ocrx_word' id='word_1_222' title='bbox 1577 2332 1845 2403; x_wconf 88' lang='lat' dir='ltr'>distinctionum</span> <span class='ocrx_word' id='word_1_223' title='bbox 1860 2357 1950 2425; x_wconf 88' lang='lat' dir='ltr'>opus</span> <span class='ocrx_word' id='word_1_224' title='bbox 1964 2329 2088 2422; x_wconf 84' lang='lat' dir='ltr'>babet,</span> <span class='ocrx_word' id='word_1_225' title='bbox 2113 2343 2158 2414; x_wconf 85' lang='lat' dir='ltr'>de</span> 
     </span>
     <span class='ocr_line' id='line_1_21' title="bbox 122 2429 2158 2526; baseline 0.004 -20"><span class='ocrx_word' id='word_1_226' title='bbox 122 2448 319 2526; x_wconf 79' lang='lat' dir='ltr'>agnosctmt</span> <span class='ocrx_word' id='word_1_227' title='bbox 342 2457 383 2503; x_wconf 81' lang='lat' dir='ltr'>er</span> <span class='ocrx_word' id='word_1_228' title='bbox 406 2433 599 2502; x_wconf 79' lang='lat' dir='ltr'>manifestis</span> <span class='ocrx_word' id='word_1_229' title='bbox 622 2431 727 2500; x_wconf 75' lang='lat' dir='ltr'>alonis</span> <span class='ocrx_word' id='word_1_230' title='bbox 738 2430 893 2523; x_wconf 86' lang='lat' dir='ltr'>Spiritus</span> <span class='ocrx_word' id='word_1_231' title='bbox 917 2431 1029 2499; x_wconf 90' lang='lat' dir='ltr'>sancti</span> <span class='ocrx_word' id='word_1_232' title='bbox 1053 2432 1116 2498; x_wconf 89' lang='lat' dir='ltr'>da-</span> <span class='ocrx_word' id='word_1_233' title='bbox 1167 2457 1238 2525; x_wconf 86' lang='lat' dir='ltr'>quo</span> <span class='ocrx_word' id='word_1_234' title='bbox 1263 2431 1442 2500; x_wconf 88' lang='lat' dir='ltr'>interdum</span> <span class='ocrx_word' id='word_1_235' title='bbox 1466 2432 1575 2501; x_wconf 89' lang='lat' dir='ltr'>iocari</span> <span class='ocrx_word' id='word_1_236' title='bbox 1598 2433 1699 2502; x_wconf 85' lang='lat' dir='ltr'>soles.</span> <span class='ocrx_word' id='word_1_237' title='bbox 1753 2430 1807 2502; x_wconf 88' lang='lat' dir='ltr'>De</span> <span class='ocrx_word' id='word_1_238' title='bbox 1827 2429 2048 2510; x_wconf 83' lang='lat' dir='ltr'>habitatione</span> <span class='ocrx_word' id='word_1_239' title='bbox 2077 2443 2158 2514; x_wconf 76' lang='lat' dir='ltr'>virle</span> 
     </span>
     <span class='ocr_line' id='line_1_22' title="bbox 122 2531 2158 2636; baseline -0.004 -30"><span class='ocrx_word' id='word_1_240' title='bbox 122 2554 192 2607; x_wconf 85' lang='lat' dir='ltr'>tam</span> <span class='ocrx_word' id='word_1_241' title='bbox 214 2561 291 2605; x_wconf 88' lang='lat' dir='ltr'>csse</span> <span class='ocrx_word' id='word_1_242' title='bbox 316 2533 558 2604; x_wconf 87' lang='lat' dir='ltr'>remissionem</span> <span class='ocrx_word' id='word_1_243' title='bbox 583 2547 816 2625; x_wconf 83' lang='lat' dir='ltr'>peccatorum.</span> <span class='ocrx_word' id='word_1_244' title='bbox 872 2531 976 2600; x_wconf 86' lang='lat' dir='ltr'>llanc</span> <span class='ocrx_word' id='word_1_245' title='bbox 998 2531 1117 2600; x_wconf 85' lang='lat' dir='ltr'>imlicu</span> <span class='ocrx_word' id='word_1_246' title='bbox 1168 2545 1302 2602; x_wconf 82' lang='lat' dir='ltr'>textum</span> <span class='ocrx_word' id='word_1_247' title='bbox 1321 2532 1360 2600; x_wconf 91' lang='lat' dir='ltr'>in</span> <span class='ocrx_word' id='word_1_248' title='bbox 1376 2533 1633 2612; x_wconf 84' lang='lat' dir='ltr'>secundolibro</span> <span class='ocrx_word' id='word_1_249' title='bbox 1645 2531 1914 2606; x_wconf 86' lang='lat' dir='ltr'>Institutionum</span> <span class='ocrx_word' id='word_1_250' title='bbox 1929 2537 2034 2610; x_wconf 86' lang='lat' dir='ltr'>titulo</span> <span class='ocrx_word' id='word_1_251' title='bbox 2050 2543 2158 2636; x_wconf 74' lang='lat' dir='ltr'>quin.</span> 
     </span>
     <span class='ocr_line' id='line_1_23' title="bbox 122 2631 2156 2730; baseline 0.002 -24"><span class='ocrx_word' id='word_1_252' title='bbox 122 2637 420 2730; x_wconf 85' lang='lat' dir='ltr'>simplicissimam</span> <span class='ocrx_word' id='word_1_253' title='bbox 451 2659 524 2706; x_wconf 90' lang='lat' dir='ltr'>esse</span> <span class='ocrx_word' id='word_1_254' title='bbox 553 2634 832 2726; x_wconf 85' lang='lat' dir='ltr'>explicationem.</span> <span class='ocrx_word' id='word_1_255' title='bbox 892 2631 1116 2702; x_wconf 84' lang='lat' dir='ltr'>Disserebam</span> <span class='ocrx_word' id='word_1_256' title='bbox 1168 2648 1225 2719; x_wconf 84' lang='lat' dir='ltr'>to,</span> <span class='ocrx_word' id='word_1_257' title='bbox 1253 2633 1415 2704; x_wconf 85' lang='lat' dir='ltr'>videlicet</span> <span class='ocrx_word' id='word_1_258' title='bbox 1441 2636 1486 2706; x_wconf 91' lang='lat' dir='ltr'>de</span> <span class='ocrx_word' id='word_1_259' title='bbox 1507 2657 1574 2706; x_wconf 90' lang='lat' dir='ltr'>usu</span> <span class='ocrx_word' id='word_1_260' title='bbox 1597 2649 1631 2708; x_wconf 89' lang='lat' dir='ltr'>et</span> <span class='ocrx_word' id='word_1_261' title='bbox 1655 2631 1894 2724; x_wconf 77' lang='lat' dir='ltr'>habitatione,</span> <span class='ocrx_word' id='word_1_262' title='bbox 1925 2637 2156 2716; x_wconf 87' lang='lat' dir='ltr'>ubidicitur:</span> 
     </span>
     <span class='ocr_line' id='line_1_24' title="bbox 123 2729 2157 2828; baseline -0.002 -17"><span class='ocrx_word' id='word_1_263' title='bbox 123 2737 199 2811; x_wconf 89' lang='lat' dir='ltr'>heri</span> <span class='ocrx_word' id='word_1_264' title='bbox 223 2755 258 2810; x_wconf 88' lang='lat' dir='ltr'>et</span> <span class='ocrx_word' id='word_1_265' title='bbox 280 2763 360 2808; x_wconf 89' lang='lat' dir='ltr'>cum</span> <span class='ocrx_word' id='word_1_266' title='bbox 381 2729 549 2807; x_wconf 79' lang='lat' dir='ltr'>Lorhero</span> <span class='ocrx_word' id='word_1_267' title='bbox 572 2739 617 2806; x_wconf 89' lang='lat' dir='ltr'>de</span> <span class='ocrx_word' id='word_1_268' title='bbox 640 2732 704 2804; x_wconf 91' lang='lat' dir='ltr'>hac</span> <span class='ocrx_word' id='word_1_269' title='bbox 728 2760 784 2820; x_wconf 85' lang='lat' dir='ltr'>re,</span> <span class='ocrx_word' id='word_1_270' title='bbox 809 2735 871 2828; x_wconf 89' lang='lat' dir='ltr'>qni</span> <span class='ocrx_word' id='word_1_271' title='bbox 889 2732 1116 2804; x_wconf 86' lang='lat' dir='ltr'>nolebatdici</span> <span class='ocrx_word' id='word_1_272' title='bbox 1169 2735 1392 2828; x_wconf 85' lang='lat' dir='ltr'>permisimus</span> <span class='ocrx_word' id='word_1_273' title='bbox 1413 2759 1486 2804; x_wconf 90' lang='lat' dir='ltr'>non</span> <span class='ocrx_word' id='word_1_274' title='bbox 1512 2736 1627 2806; x_wconf 90' lang='lat' dir='ltr'>solum</span> <span class='ocrx_word' id='word_1_275' title='bbox 1651 2737 1690 2806; x_wconf 93' lang='lat' dir='ltr'>in</span> <span class='ocrx_word' id='word_1_276' title='bbox 1712 2760 1752 2806; x_wconf 83' lang='lat' dir='ltr'>ea</span> <span class='ocrx_word' id='word_1_277' title='bbox 1776 2738 1919 2827; x_wconf 71' lang='lat' dir='ltr'>degere,</span> <span class='ocrx_word' id='word_1_278' title='bbox 1957 2742 2019 2812; x_wconf 87' lang='lat' dir='ltr'>sed</span> <span class='ocrx_word' id='word_1_279' title='bbox 2049 2745 2157 2816; x_wconf 73' lang='lat' dir='ltr'>etism</span> 
     </span>
     <span class='ocr_line' id='line_1_25' title="bbox 122 2833 2158 2934; baseline 0.002 -22"><span class='ocrx_word' id='word_1_280' title='bbox 122 2841 455 2934; x_wconf 83' lang='lat' dir='ltr'>rebaptizationem:</span> <span class='ocrx_word' id='word_1_281' title='bbox 491 2835 541 2908; x_wconf 80' lang='lat' dir='ltr'>Et</span> <span class='ocrx_word' id='word_1_282' title='bbox 566 2838 725 2921; x_wconf 88' lang='lat' dir='ltr'>dicebat,</span> <span class='ocrx_word' id='word_1_283' title='bbox 760 2850 912 2929; x_wconf 83' lang='lat' dir='ltr'>utroque</span> <span class='ocrx_word' id='word_1_284' title='bbox 941 2835 1116 2927; x_wconf 92' lang='lat' dir='ltr'>baptismo</span> <span class='ocrx_word' id='word_1_285' title='bbox 1168 2836 1247 2906; x_wconf 91' lang='lat' dir='ltr'>aliis</span> <span class='ocrx_word' id='word_1_286' title='bbox 1269 2837 1396 2910; x_wconf 88' lang='lat' dir='ltr'>locare.</span> <span class='ocrx_word' id='word_1_287' title='bbox 1453 2833 1502 2908; x_wconf 86' lang='lat' dir='ltr'>Et</span> <span class='ocrx_word' id='word_1_288' title='bbox 1523 2833 1770 2924; x_wconf 82' lang='lat' dir='ltr'>Iurisconsulti</span> <span class='ocrx_word' id='word_1_289' title='bbox 1795 2838 1935 2925; x_wconf 85' lang='lat' dir='ltr'>dieunt,</span> <span class='ocrx_word' id='word_1_290' title='bbox 1965 2834 2158 2918; x_wconf 84' lang='lat' dir='ltr'>habitatio·</span> 
     </span>
     <span class='ocr_line' id='line_1_26' title="bbox 122 2937 2157 3032; baseline -0.001 -18"><span class='ocrx_word' id='word_1_291' title='bbox 122 2945 229 3014; x_wconf 81' lang='lat' dir='ltr'>luisse</span> <span class='ocrx_word' id='word_1_292' title='bbox 242 2943 418 3012; x_wconf 86' lang='lat' dir='ltr'>utendum</span> <span class='ocrx_word' id='word_1_293' title='bbox 436 2953 580 3032; x_wconf 90' lang='lat' dir='ltr'>propter</span> <span class='ocrx_word' id='word_1_294' title='bbox 597 2940 755 3008; x_wconf 81' lang='lat' dir='ltr'>diversos</span> <span class='ocrx_word' id='word_1_295' title='bbox 776 2938 961 3022; x_wconf 85' lang='lat' dir='ltr'>articulos,</span> <span class='ocrx_word' id='word_1_296' title='bbox 987 2937 1118 3032; x_wconf 85' lang='lat' dir='ltr'>scilicet</span> <span class='ocrx_word' id='word_1_297' title='bbox 1168 2939 1306 3007; x_wconf 88' lang='lat' dir='ltr'>nemin</span> <span class='ocrx_word' id='word_1_298' title='bbox 1329 2962 1369 3007; x_wconf 89' lang='lat' dir='ltr'>ea</span> <span class='ocrx_word' id='word_1_299' title='bbox 1390 2949 1489 3030; x_wconf 91' lang='lat' dir='ltr'>parte</span> <span class='ocrx_word' id='word_1_300' title='bbox 1511 2938 1663 3008; x_wconf 87' lang='lat' dir='ltr'>similem</span> <span class='ocrx_word' id='word_1_301' title='bbox 1687 2961 1760 3011; x_wconf 86' lang='lat' dir='ltr'>esse</span> <span class='ocrx_word' id='word_1_302' title='bbox 1777 2941 1986 3019; x_wconf 81' lang='lat' dir='ltr'>usufructui.</span> <span class='ocrx_word' id='word_1_303' title='bbox 2036 2943 2108 3018; x_wconf 78' lang='lat' dir='ltr'>Sed</span> <span class='ocrx_word' id='word_1_304' title='bbox 2127 2949 2157 3018; x_wconf 76' lang='lat' dir='ltr'>si</span> 
     </span>
     <span class='ocr_line' id='line_1_27' title="bbox 124 3035 2158 3134; baseline 0.002 -20"><span class='ocrx_word' id='word_1_305' title='bbox 124 3048 166 3114; x_wconf 90' lang='lat' dir='ltr'>dc</span> <span class='ocrx_word' id='word_1_306' title='bbox 180 3055 353 3127; x_wconf 77' lang='lat' dir='ltr'>venturo,</span> <span class='ocrx_word' id='word_1_307' title='bbox 378 3055 412 3112; x_wconf 91' lang='lat' dir='ltr'>et</span> <span class='ocrx_word' id='word_1_308' title='bbox 429 3035 586 3111; x_wconf 81' lang='lat' dir='ltr'>exhibito</span> <span class='ocrx_word' id='word_1_309' title='bbox 599 3035 755 3112; x_wconf 85' lang='lat' dir='ltr'>Christo.</span> <span class='ocrx_word' id='word_1_310' title='bbox 806 3039 946 3110; x_wconf 76' lang='lat' dir='ltr'>litabis</span> <span class='ocrx_word' id='word_1_311' title='bbox 966 3052 1004 3109; x_wconf 92' lang='lat' dir='ltr'>tu</span> <span class='ocrx_word' id='word_1_312' title='bbox 1027 3063 1117 3131; x_wconf 64' lang='lat' dir='ltr'>qum</span> <span class='ocrx_word' id='word_1_313' title='bbox 1166 3039 1322 3111; x_wconf 90' lang='lat' dir='ltr'>tibinon</span> <span class='ocrx_word' id='word_1_314' title='bbox 1339 3039 1531 3124; x_wconf 80' lang='lat' dir='ltr'>satisfacio,</span> <span class='ocrx_word' id='word_1_315' title='bbox 1553 3037 1734 3134; x_wconf 79' lang='lat' dir='ltr'>Lycurgos</span> <span class='ocrx_word' id='word_1_316' title='bbox 1747 3043 1918 3134; x_wconf 87' lang='lat' dir='ltr'>quaerito.</span> <span class='ocrx_word' id='word_1_317' title='bbox 1967 3039 2158 3120; x_wconf 87' lang='lat' dir='ltr'>Commen-</span> 
     </span>
     <span class='ocr_line' id='line_1_28' title="bbox 123 3133 2157 3246; baseline 0.002 -30"><span class='ocrx_word' id='word_1_318' title='bbox 123 3169 191 3240; x_wconf 91' lang='lat' dir='ltr'>que</span> <span class='ocrx_word' id='word_1_319' title='bbox 208 3145 374 3216; x_wconf 87' lang='lat' dir='ltr'>odiosum</span> <span class='ocrx_word' id='word_1_320' title='bbox 388 3165 519 3212; x_wconf 87' lang='lat' dir='ltr'>nomen</span> <span class='ocrx_word' id='word_1_321' title='bbox 532 3140 828 3233; x_wconf 80' lang='lat' dir='ltr'>rebaptizationis.</span> <span class='ocrx_word' id='word_1_322' title='bbox 1168 3143 1214 3211; x_wconf 93' lang='lat' dir='ltr'>do</span> <span class='ocrx_word' id='word_1_323' title='bbox 1237 3141 1304 3212; x_wconf 90' lang='lat' dir='ltr'>tibi</span> <span class='ocrx_word' id='word_1_324' title='bbox 1329 3141 1443 3210; x_wconf 88' lang='lat' dir='ltr'>civem</span> <span class='ocrx_word' id='word_1_325' title='bbox 1469 3151 1624 3210; x_wconf 85' lang='lat' dir='ltr'>restrum</span> <span class='ocrx_word' id='word_1_326' title='bbox 1646 3133 1954 3238; x_wconf 78' lang='lat' dir='ltr'>Christoplrorum</span> <span class='ocrx_word' id='word_1_327' title='bbox 1974 3143 2157 3246; x_wconf 86' lang='lat' dir='ltr'>Hosman,</span> 
     </span>
    </p>
   </div>
   <div class='ocr_carea' id='block_1_3' title="bbox 118 3241 2158 3522">
    <p class='ocr_par' dir='ltr' id='par_1_7' title="bbox 118 3241 2158 3522">
     <span class='ocr_line' id='line_1_29' title="bbox 226 3241 2158 3370; baseline 0.018 -79"><span class='ocrx_word' id='word_1_328' title='bbox 226 3273 321 3346; x_wconf 62' lang='lat' dir='ltr'>Em.</span> <span class='ocrx_word' id='word_1_329' title='bbox 340 3271 443 3346; x_wconf 60' lang='lat' dir='ltr'>lom</span> <span class='ocrx_word' id='word_1_330' title='bbox 466 3267 1117 3370; x_wconf 45' lang='lat' dir='ltr'>Actor·19·pr1·nmspw·epraese</span> <span class='ocrx_word' id='word_1_331' title='bbox 1168 3242 1324 3334; x_wconf 88' lang='lat' dir='ltr'>comperi</span> <span class='ocrx_word' id='word_1_332' title='bbox 1344 3242 1451 3362; x_wconf 31' lang='lat' dir='ltr'>‘enim</span> <span class='ocrx_word' id='word_1_333' title='bbox 1476 3242 1676 3314; x_wconf 87' lang='lat' dir='ltr'>studiosum</span> <span class='ocrx_word' id='word_1_334' title='bbox 1710 3266 1793 3316; x_wconf 84' lang='lat' dir='ltr'>esse.</span> <span class='ocrx_word' id='word_1_335' title='bbox 1843 3241 1943 3318; x_wconf 85' lang='lat' dir='ltr'>Beue</span> <span class='ocrx_word' id='word_1_336' title='bbox 1965 3248 2054 3322; x_wconf 78' lang='lat' dir='ltr'>vele.</span> <span class='ocrx_word' id='word_1_337' title='bbox 2098 3253 2158 3326; x_wconf 88' lang='lat' dir='ltr'>die</span> 
     </span>
     <span class='ocr_line' id='line_1_30' title="bbox 118 3341 2007 3522; baseline 0.005 -75"><span class='ocrx_word' id='word_1_338' title='bbox 118 3377 223 3478; x_wconf 87' lang='lat' dir='ltr'>serre</span> <span class='ocrx_word' id='word_1_339' title='bbox 241 3372 394 3458; x_wconf 78' lang='lat' dir='ltr'>videtur,</span> <span class='ocrx_word' id='word_1_340' title='bbox 420 3369 685 3474; x_wconf 78' lang='lat' dir='ltr'>quosiPoulus</span> <span class='ocrx_word' id='word_1_341' title='bbox 701 3372 796 3446; x_wconf 80' lang='lat' dir='ltr'>viros</span> <span class='ocrx_word' id='word_1_342' title='bbox 812 3372 901 3444; x_wconf 85' lang='lat' dir='ltr'>illos</span> <span class='ocrx_word' id='word_1_343' title='bbox 920 3375 976 3444; x_wconf 73' lang='lat'>12.</span> <span class='ocrx_word' id='word_1_344' title='bbox 993 3374 1032 3442; x_wconf 88' lang='lat' dir='ltr'>in</span> <span class='ocrx_word' id='word_1_345' title='bbox 1050 3369 1117 3440; x_wconf 86' lang='lat' dir='ltr'>Io-</span> <span class='ocrx_word' id='word_1_346' title='bbox 1171 3347 1227 3419; x_wconf 83' lang='lat'>¹9·</span> <span class='ocrx_word' id='word_1_347' title='bbox 1244 3341 1369 3414; x_wconf 54' lang='lat' dir='ltr'>Mum</span> <span class='ocrx_word' id='word_1_348' title='bbox 1388 3341 1495 3416; x_wconf 71' lang='lat'><strong>¹543·</strong></span> <span class='ocrx_word' id='word_1_349' title='bbox 1809 3441 1904 3522; x_wconf 46' lang='lat' dir='ltr'><strong>Phil·</strong></span> <span class='ocrx_word' id='word_1_350' title='bbox 1919 3445 2007 3522; x_wconf 47' lang='lat' dir='ltr'><strong>Mel.</strong></span> 
     </span>
    </p>
   </div>
   <div class='ocr_carea' id='block_1_4' title="bbox 72 3469 2157 4894">
    <p class='ocr_par' dir='ltr' id='par_1_8' title="bbox 122 3469 2157 3880">
     <span class='ocr_line' id='line_1_31' title="bbox 122 3469 1410 3577; baseline -0.007 -28"><span class='ocrx_word' id='word_1_351' title='bbox 122 3475 266 3550; x_wconf 76' lang='lat' dir='ltr'>hannis</span> <span class='ocrx_word' id='word_1_352' title='bbox 283 3475 470 3577; x_wconf 79' lang='lat' dir='ltr'>baptisma</span> <span class='ocrx_word' id='word_1_353' title='bbox 483 3476 591 3575; x_wconf 83' lang='lat' dir='ltr'>prius</span> <span class='ocrx_word' id='word_1_354' title='bbox 605 3472 831 3575; x_wconf 83' lang='lat' dir='ltr'>baptizatos,</span> <span class='ocrx_word' id='word_1_355' title='bbox 857 3469 975 3544; x_wconf 85' lang='lat' dir='ltr'>denuo</span> <span class='ocrx_word' id='word_1_356' title='bbox 995 3471 1117 3568; x_wconf 77' lang='lat' dir='ltr'>bapti·</span> <span class='ocrx_word' id='word_1_357' title='bbox 1406 3543 1410 3554; x_wconf 71' lang='grc'>,</span> 
     </span>
     <span class='ocr_line' id='line_1_32' title="bbox 123 3567 2156 3682; baseline -0.003 -30"><span class='ocrx_word' id='word_1_358' title='bbox 123 3578 242 3652; x_wconf 76' lang='lat' dir='ltr'>sarit:</span> <span class='ocrx_word' id='word_1_359' title='bbox 274 3589 397 3652; x_wconf 84' lang='lat' dir='ltr'>tamen</span> <span class='ocrx_word' id='word_1_360' title='bbox 424 3576 633 3676; x_wconf 77' lang='lat' dir='ltr'>expeditiss.</span> <span class='ocrx_word' id='word_1_361' title='bbox 663 3578 759 3649; x_wconf 80' lang='lat' dir='ltr'>ratio</span> <span class='ocrx_word' id='word_1_362' title='bbox 781 3571 999 3673; x_wconf 71' lang='lat' dir='ltr'>explicandi</span> <span class='ocrx_word' id='word_1_363' title='bbox 1019 3567 1117 3646; x_wconf 73' lang='lat' dir='ltr'>hicne</span> <span class='ocrx_word' id='word_1_364' title='bbox 1268 3575 1422 3650; x_wconf 82' lang='lat' dir='ltr'>Ercium</span> <span class='ocrx_word' id='word_1_365' title='bbox 1436 3579 1502 3651; x_wconf 83' lang='lat' dir='ltr'>scis</span> <span class='ocrx_word' id='word_1_366' title='bbox 1517 3593 1697 3652; x_wconf 92' lang='lat' dir='ltr'>mortuum</span> <span class='ocrx_word' id='word_1_367' title='bbox 1711 3571 1863 3678; x_wconf 74' lang='lat' dir='ltr'>esse“),</span> <span class='ocrx_word' id='word_1_368' title='bbox 1894 3577 2057 3658; x_wconf 75' lang='lat' dir='ltr'>Veneriis</span> <span class='ocrx_word' id='word_1_369' title='bbox 2069 3609 2156 3682; x_wconf 60' lang='lat' dir='ltr'>qua.</span> 
     </span>
     <span class='ocr_line' id='line_1_33' title="bbox 123 3675 2157 3780; baseline -0.002 -16"><span class='ocrx_word' id='word_1_370' title='bbox 123 3680 244 3752; x_wconf 77' lang='lat' dir='ltr'>iocum</span> <span class='ocrx_word' id='word_1_371' title='bbox 261 3689 332 3763; x_wconf 74' lang='lat' dir='ltr'>est,</span> <span class='ocrx_word' id='word_1_372' title='bbox 356 3680 395 3751; x_wconf 82' lang='lat' dir='ltr'>st</span> <span class='ocrx_word' id='word_1_373' title='bbox 406 3677 594 3776; x_wconf 76' lang='lat' dir='ltr'>Syotaxis</span> <span class='ocrx_word' id='word_1_374' title='bbox 609 3675 753 3752; x_wconf 78' lang='lat' dir='ltr'>Graeco</span> <span class='ocrx_word' id='word_1_375' title='bbox 777 3677 997 3759; x_wconf 65' lang='lat' dir='ltr'>obseratur,</span> <span class='ocrx_word' id='word_1_376' title='bbox 1024 3701 1117 3776; x_wconf 71' lang='lat' dir='ltr'>oreae</span> <span class='ocrx_word' id='word_1_377' title='bbox 1268 3697 1350 3754; x_wconf 84' lang='lat' dir='ltr'>tuor</span> <span class='ocrx_word' id='word_1_378' title='bbox 1371 3683 1636 3756; x_wconf 76' lang='lat' dir='ltr'>concionatores</span> <span class='ocrx_word' id='word_1_379' title='bbox 1657 3706 1746 3776; x_wconf 84' lang='lat' dir='ltr'>pure</span> <span class='ocrx_word' id='word_1_380' title='bbox 1774 3683 1902 3757; x_wconf 83' lang='lat' dir='ltr'>docent</span> <span class='ocrx_word' id='word_1_381' title='bbox 1922 3679 2157 3780; x_wconf 69' lang='lat' dir='ltr'>Evangelium</span> 
     </span>
     <span class='ocr_line' id='line_1_34' title="bbox 122 3773 1487 3880; baseline -0.005 -26"><span class='ocrx_word' id='word_1_382' title='bbox 122 3783 162 3854; x_wconf 89' lang='lat' dir='ltr'>in</span> <span class='ocrx_word' id='word_1_383' title='bbox 178 3777 328 3854; x_wconf 81' lang='lat' dir='ltr'>Latino</span> <span class='ocrx_word' id='word_1_384' title='bbox 343 3781 503 3854; x_wconf 79' lang='lat' dir='ltr'>versione</span> <span class='ocrx_word' id='word_1_385' title='bbox 515 3779 633 3880; x_wconf 84' lang='lat' dir='ltr'>poulo</span> <span class='ocrx_word' id='word_1_386' title='bbox 648 3793 698 3852; x_wconf 88' lang='lat' dir='ltr'>est</span> <span class='ocrx_word' id='word_1_387' title='bbox 721 3780 924 3866; x_wconf 81' lang='lat' dir='ltr'>obscurior,</span> <span class='ocrx_word' id='word_1_388' title='bbox 949 3776 1015 3850; x_wconf 87' lang='lat' dir='ltr'>obi</span> <span class='ocrx_word' id='word_1_389' title='bbox 1036 3773 1116 3874; x_wconf 80' lang='lat' dir='ltr'>(his</span> <span class='ocrx_word' id='word_1_390' title='bbox 1269 3785 1353 3856; x_wconf 77' lang='lat' dir='ltr'>satis</span> <span class='ocrx_word' id='word_1_391' title='bbox 1366 3784 1487 3860; x_wconf 80' lang='lat' dir='ltr'>libere,</span> 
     </span>
    </p>

    <p class='ocr_par' dir='ltr' id='par_1_9' title="bbox 121 3875 1116 3984">
     <span class='ocr_line' id='line_1_35' title="bbox 121 3875 1116 3984; baseline -0.003 -29"><span class='ocrx_word' id='word_1_392' title='bbox 121 3881 288 3976; x_wconf 68' lang='lat' dir='ltr'>nuditas)</span> <span class='ocrx_word' id='word_1_393' title='bbox 304 3883 457 3984; x_wconf 81' lang='lat' dir='ltr'>ponitur</span> <span class='ocrx_word' id='word_1_394' title='bbox 467 3907 537 3984; x_wconf 83' lang='lat' dir='ltr'>pru</span> <span class='ocrx_word' id='word_1_395' title='bbox 551 3879 786 3968; x_wconf 81' lang='grc' dir='ltr'><strong><em>ἀκούσαιτες,</em></strong></span> <span class='ocrx_word' id='word_1_396' title='bbox 811 3878 935 3967; x_wconf 83' lang='lat' dir='ltr'>idest,</span> <span class='ocrx_word' id='word_1_397' title='bbox 960 3875 1116 3952; x_wconf 84' lang='lat' dir='ltr'>audien-</span> 
     </span>
    </p>

    <p class='ocr_par' dir='ltr' id='par_1_10' title="bbox 121 3979 1117 4086">
     <span class='ocr_line' id='line_1_36' title="bbox 121 3979 1117 4086; baseline -0.007 -28"><span class='ocrx_word' id='word_1_398' title='bbox 121 3997 194 4060; x_wconf 92' lang='lat' dir='ltr'>tes:</span> <span class='ocrx_word' id='word_1_399' title='bbox 219 3995 252 4058; x_wconf 89' lang='lat' dir='ltr'>et</span> <span class='ocrx_word' id='word_1_400' title='bbox 268 4007 362 4086; x_wconf 76' lang='lat' dir='ltr'>puae</span> <span class='ocrx_word' id='word_1_401' title='bbox 376 3981 484 4058; x_wconf 79' lang='lat' dir='ltr'>rerba</span> <span class='ocrx_word' id='word_1_402' title='bbox 492 3979 611 4058; x_wconf 74' lang='lat' dir='ltr'>Ponti</span> <span class='ocrx_word' id='word_1_403' title='bbox 621 3994 718 4073; x_wconf 86' lang='lat' dir='ltr'>sunt,</span> <span class='ocrx_word' id='word_1_404' title='bbox 743 4008 782 4053; x_wconf 89' lang='lat' dir='ltr'>eo</span> <span class='ocrx_word' id='word_1_405' title='bbox 798 3983 1007 4084; x_wconf 85' lang='lat' dir='ltr'>reseruntur</span> <span class='ocrx_word' id='word_1_406' title='bbox 1022 4007 1117 4081; x_wconf 74' lang='grc' dir='ltr'>φια-</span> 
     </span>
    </p>

    <p class='ocr_par' dir='ltr' id='par_1_11' title="bbox 120 4081 1352 4204">
     <span class='ocr_line' id='line_1_37' title="bbox 120 4081 1352 4204; baseline -0.01 -42"><span class='ocrx_word' id='word_1_407' title='bbox 120 4089 158 4162; x_wconf 88' lang='lat' dir='ltr'>si</span> <span class='ocrx_word' id='word_1_408' title='bbox 179 4085 449 4184; x_wconf 70' lang='lat' dir='ltr'>Evangelistae</span> <span class='ocrx_word' id='word_1_409' title='bbox 470 4084 577 4157; x_wconf 80' lang='lat' dir='ltr'>verba</span> <span class='ocrx_word' id='word_1_410' title='bbox 600 4095 725 4158; x_wconf 85' lang='lat' dir='ltr'>essent.</span> <span class='ocrx_word' id='word_1_411' title='bbox 785 4081 974 4156; x_wconf 79' lang='lat' dir='ltr'>Sententia</span> <span class='ocrx_word' id='word_1_412' title='bbox 996 4091 1116 4152; x_wconf 81' lang='lat' dir='ltr'>autem</span> <span class='ocrx_word' id='word_1_413' title='bbox 1167 4131 1202 4204; x_wconf 80' lang='lat' dir='ltr'>N</span> <span class='ocrx_word' id='word_1_414' title='bbox 1250 4131 1352 4204; x_wconf 57' lang='lat'>2662</span> 
     </span>
    </p>

    <p class='ocr_par' dir='ltr' id='par_1_12' title="bbox 123 4159 2152 4408">
     <span class='ocr_line' id='line_1_38' title="bbox 123 4159 2152 4281; baseline -0.009 -19"><span class='ocrx_word' id='word_1_415' title='bbox 123 4214 210 4263; x_wconf 78' lang='lat' dir='ltr'>vera</span> <span class='ocrx_word' id='word_1_416' title='bbox 233 4183 325 4262; x_wconf 74' lang='lat' dir='ltr'>haec</span> <span class='ocrx_word' id='word_1_417' title='bbox 342 4198 412 4260; x_wconf 84' lang='lat' dir='ltr'>est:</span> <span class='ocrx_word' id='word_1_418' title='bbox 442 4181 563 4260; x_wconf 77' lang='lat' dir='ltr'>Dteit</span> <span class='ocrx_word' id='word_1_419' title='bbox 577 4181 741 4258; x_wconf 78' lang='lat' dir='ltr'>Paulos.-</span> <span class='ocrx_word' id='word_1_420' title='bbox 767 4179 956 4256; x_wconf 83' lang='lat' dir='ltr'>Iohnnnes</span> <span class='ocrx_word' id='word_1_421' title='bbox 972 4177 1116 4281; x_wconf 83' lang='lat' dir='ltr'>quidem</span> <span class='ocrx_word' id='word_1_422' title='bbox 1176 4159 1363 4258; x_wconf 45' lang='lat' dir='ltr'>effu-..⁰</span> <span class='ocrx_word' id='word_1_423' title='bbox 1981 4227 2152 4262; x_wconf 58' lang='lat' dir='ltr'>son-</span> 
     </span>
     <span class='ocr_line' id='line_1_39' title="bbox 123 4281 1825 4408; baseline -0.009 -44"><span class='ocrx_word' id='word_1_424' title='bbox 123 4289 332 4392; x_wconf 79' lang='lat' dir='ltr'>hoptizovit</span> <span class='ocrx_word' id='word_1_425' title='bbox 348 4287 533 4408; x_wconf 77' lang='lat' dir='ltr'>baptismo</span> <span class='ocrx_word' id='word_1_426' title='bbox 553 4285 816 4388; x_wconf 85' lang='lat' dir='ltr'>poenitentioe,</span> <span class='ocrx_word' id='word_1_427' title='bbox 840 4282 963 4359; x_wconf 85' lang='lat' dir='ltr'>dicens</span> <span class='ocrx_word' id='word_1_428' title='bbox 980 4281 1119 4382; x_wconf 83' lang='lat' dir='ltr'>populo</span> <span class='ocrx_word' id='word_1_429' title='bbox 1486 4313 1529 4398; x_wconf 82' lang='grc' dir='ltr'>Ρ</span> <span class='ocrx_word' id='word_1_430' title='bbox 1563 4312 1825 4400; x_wconf 64' lang='lat' dir='ltr'><strong><em>Medmanno</em></strong></span> 
     </span>
    </p>

    <p class='ocr_par' dir='ltr' id='par_1_13' title="bbox 124 4377 1836 4491">
     <span class='ocr_line' id='line_1_40' title="bbox 124 4377 1836 4491; baseline -0.008 -25"><span class='ocrx_word' id='word_1_431' title='bbox 124 4407 163 4466; x_wconf 86' lang='lat' dir='ltr'>ot</span> <span class='ocrx_word' id='word_1_432' title='bbox 178 4393 220 4465; x_wconf 88' lang='lat' dir='ltr'>in</span> <span class='ocrx_word' id='word_1_433' title='bbox 237 4415 317 4464; x_wconf 85' lang='lat' dir='ltr'>eum</span> <span class='ocrx_word' id='word_1_434' title='bbox 333 4416 398 4491; x_wconf 83' lang='lat' dir='ltr'>pue</span> <span class='ocrx_word' id='word_1_435' title='bbox 414 4389 576 4462; x_wconf 81' lang='lat' dir='ltr'>veniebat</span> <span class='ocrx_word' id='word_1_436' title='bbox 590 4399 673 4488; x_wconf 83' lang='lat' dir='ltr'>post</span> <span class='ocrx_word' id='word_1_437' title='bbox 691 4390 706 4459; x_wconf 89' lang='lat' dir='ltr'>i</span> <span class='ocrx_word' id='word_1_438' title='bbox 729 4415 810 4460; x_wconf 84' lang='lat' dir='ltr'>sum</span> <span class='ocrx_word' id='word_1_439' title='bbox 827 4381 1026 4466; x_wconf 83' lang='lat' dir='ltr'>crederent,</span> <span class='ocrx_word' id='word_1_440' title='bbox 1051 4378 1119 4458; x_wconf 84' lang='lat' dir='ltr'>hoc</span> <span class='ocrx_word' id='word_1_441' title='bbox 1524 4379 1535 4403; x_wconf 82' lang='lat'>‘</span> <span class='ocrx_word' id='word_1_442' title='bbox 1825 4377 1836 4402; x_wconf 78' lang='lat'><em>⁶</em></span> 
     </span>
    </p>

    <p class='ocr_par' dir='ltr' id='par_1_14' title="bbox 123 4413 1836 4589">
     <span class='ocr_line' id='line_1_41' title="bbox 123 4413 1836 4589; baseline -0.009 -21"><span class='ocrx_word' id='word_1_443' title='bbox 123 4506 198 4582; x_wconf 84' lang='lat' dir='ltr'>est,</span> <span class='ocrx_word' id='word_1_444' title='bbox 229 4494 271 4565; x_wconf 85' lang='lat' dir='ltr'>in</span> <span class='ocrx_word' id='word_1_445' title='bbox 289 4490 414 4566; x_wconf 83' lang='lat' dir='ltr'>Iesum</span> <span class='ocrx_word' id='word_1_446' title='bbox 432 4481 637 4566; x_wconf 82' lang='lat' dir='ltr'>Christum.</span> <span class='ocrx_word' id='word_1_447' title='bbox 688 4413 768 4589; x_wconf 63' lang='lat'>61¹5</span> <span class='ocrx_word' id='word_1_448' title='bbox 782 4513 862 4562; x_wconf 79' lang='lat' dir='ltr'>vero</span> <span class='ocrx_word' id='word_1_449' title='bbox 885 4482 988 4558; x_wconf 84' lang='lat' dir='ltr'>iliud</span> <span class='ocrx_word' id='word_1_450' title='bbox 1007 4483 1116 4558; x_wconf 84' lang='lat' dir='ltr'>nudi·</span> <span class='ocrx_word' id='word_1_451' title='bbox 1267 4489 1836 4566; x_wconf 66' lang='lat' dir='ltr'>ruxnpogr.tneoe1³nts.u.t.st³.</span> 
     </span>
    </p>

    <p class='ocr_par' dir='ltr' id='par_1_15' title="bbox 72 4585 1117 4894">
     <span class='ocr_line' id='line_1_42' title="bbox 125 4585 1117 4694; baseline -0.009 -25"><span class='ocrx_word' id='word_1_452' title='bbox 125 4607 270 4684; x_wconf 78' lang='lat' dir='ltr'>verunt,</span> <span class='ocrx_word' id='word_1_453' title='bbox 311 4593 497 4694; x_wconf 80' lang='lat' dir='ltr'>baptizoti</span> <span class='ocrx_word' id='word_1_454' title='bbox 517 4603 604 4664; x_wconf 86' lang='lat' dir='ltr'>sont</span> <span class='ocrx_word' id='word_1_455' title='bbox 635 4591 674 4664; x_wconf 86' lang='lat' dir='ltr'>in</span> <span class='ocrx_word' id='word_1_456' title='bbox 696 4615 825 4662; x_wconf 87' lang='lat' dir='ltr'>nomen</span> <span class='ocrx_word' id='word_1_457' title='bbox 846 4588 1011 4660; x_wconf 81' lang='lat' dir='ltr'>Domini</span> <span class='ocrx_word' id='word_1_458' title='bbox 1031 4585 1117 4660; x_wconf 83' lang='lat' dir='ltr'>Iesu</span> 
     </span>
     <span class='ocr_line' id='line_1_43' title="bbox 72 4687 1117 4794; baseline -0.009 -25"><span class='ocrx_word' id='word_1_459' title='bbox 72 4721 76 4730; x_wconf 84' lang='grc'><strong>’</strong></span> <span class='ocrx_word' id='word_1_460' title='bbox 127 4687 1025 4794; x_wconf 79' lang='lat' dir='ltr'>(nIohannescilieet)posteosepuitorlristnriae</span> <span class='ocrx_word' id='word_1_461' title='bbox 1035 4715 1117 4764; x_wconf 86' lang='lat' dir='ltr'>eon-</span> 
     </span>
     <span class='ocr_line' id='line_1_44' title="bbox 126 4794 912 4894; baseline 0 -24"><span class='ocrx_word' id='word_1_462' title='bbox 126 4798 291 4872; x_wconf 84' lang='lat' dir='ltr'>tinnatio</span> <span class='ocrx_word' id='word_1_463' title='bbox 309 4795 424 4870; x_wconf 77' lang='lat' dir='ltr'>verbis</span> <span class='ocrx_word' id='word_1_464' title='bbox 444 4794 712 4894; x_wconf 72' lang='lat' dir='ltr'>Er-‘nngeiistcre</span> <span class='ocrx_word' id='word_1_465' title='bbox 729 4819 912 4894; x_wconf 69' lang='lat' dir='ltr'>expressa.</span> 
     </span>
    </p>
   </div>
   <div class='ocr_carea' id='block_1_5' title="bbox 1173 4639 2157 4847">
    <p class='ocr_par' dir='ltr' id='par_1_16' title="bbox 1173 4639 2157 4847">
     <span class='ocr_line' id='line_1_45' title="bbox 1173 4639 2157 4746; baseline -0.002 -24"><span class='ocrx_word' id='word_1_466' title='bbox 1173 4645 1268 4722; x_wconf 88' lang='lat' dir='ltr'>Viro</span> <span class='ocrx_word' id='word_1_467' title='bbox 1289 4645 1443 4746; x_wconf 84' lang='lat' dir='ltr'>optimo,</span> <span class='ocrx_word' id='word_1_468' title='bbox 1474 4643 1531 4719; x_wconf 81' lang='lat' dir='ltr'>J).</span> <span class='ocrx_word' id='word_1_469' title='bbox 1554 4641 1690 4720; x_wconf 87' lang='lat' dir='ltr'>Petro</span> <span class='ocrx_word' id='word_1_470' title='bbox 1715 4642 2015 4736; x_wconf 83' lang='lat' dir='ltr'>Medmonno‚</span> <span class='ocrx_word' id='word_1_471' title='bbox 2045 4639 2157 4722; x_wconf 81' lang='lat' dir='ltr'>Colo-</span> 
     </span>
     <span class='ocr_line' id='line_1_46' title="bbox 1258 4745 2070 4847; baseline 0.009 -28"><span class='ocrx_word' id='word_1_472' title='bbox 1258 4751 1342 4820; x_wconf 82' lang='lat' dir='ltr'>niae</span> <span class='ocrx_word' id='word_1_473' title='bbox 1359 4745 1606 4847; x_wconf 75' lang='lat' dir='ltr'>Agrippinae,</span> <span class='ocrx_word' id='word_1_474' title='bbox 1637 4745 1756 4818; x_wconf 86' lang='lat' dir='ltr'>amico</span> <span class='ocrx_word' id='word_1_475' title='bbox 1780 4771 1848 4820; x_wconf 88' lang='lat' dir='ltr'>suo</span> <span class='ocrx_word' id='word_1_476' title='bbox 1868 4747 2070 4826; x_wconf 73' lang='lat' dir='ltr'>corustmo.</span> 
     </span>
    </p>
   </div>
   <div class='ocr_carea' id='block_1_6' title="bbox 122 4865 2157 5202">
    <p class='ocr_par' dir='ltr' id='par_1_17' title="bbox 122 4865 2157 5202">
     <span class='ocr_line' id='line_1_47' title="bbox 1170 4865 2157 4978; baseline 0.003 -22"><span class='ocrx_word' id='word_1_477' title='bbox 1170 4865 1213 4956; x_wconf 88' lang='lat' dir='ltr'>S.</span> <span class='ocrx_word' id='word_1_478' title='bbox 1240 4882 1285 4959; x_wconf 90' lang='lat' dir='ltr'>D.</span> <span class='ocrx_word' id='word_1_479' title='bbox 1336 4881 1533 4975; x_wconf 82' lang='lat' dir='ltr'>Epistulam</span> <span class='ocrx_word' id='word_1_480' title='bbox 1555 4885 1598 4953; x_wconf 87' lang='lat' dir='ltr'>ad</span> <span class='ocrx_word' id='word_1_481' title='bbox 1623 4897 1655 4952; x_wconf 90' lang='lat' dir='ltr'>te</span> <span class='ocrx_word' id='word_1_482' title='bbox 1678 4881 1757 4952; x_wconf 89' lang='lat' dir='ltr'>misi</span> <span class='ocrx_word' id='word_1_483' title='bbox 1780 4906 1843 4974; x_wconf 88' lang='lat' dir='ltr'>per</span> <span class='ocrx_word' id='word_1_484' title='bbox 1862 4905 1940 4968; x_wconf 85' lang='lat' dir='ltr'>eos,</span> <span class='ocrx_word' id='word_1_485' title='bbox 1966 4885 2028 4978; x_wconf 87' lang='lat' dir='ltr'>qui</span> <span class='ocrx_word' id='word_1_486' title='bbox 2043 4885 2157 4958; x_wconf 80' lang='lat' dir='ltr'>Fran-</span> 
     </span>
     <span class='ocr_line' id='line_1_48' title="bbox 122 4985 2157 5079; baseline 0.003 -28"><span class='ocrx_word' id='word_1_487' title='bbox 122 5005 352 5025; x_wconf 89' lang='lat'><strong><em>············-</em></strong></span> <span class='ocrx_word' id='word_1_488' title='bbox 1170 4985 1364 5056; x_wconf 79' lang='lat' dir='ltr'>colortliam</span> <span class='ocrx_word' id='word_1_489' title='bbox 1387 4985 1674 5078; x_wconf 81' lang='lat' dir='ltr'>proficiscuntur,</span> <span class='ocrx_word' id='word_1_490' title='bbox 1714 5007 1821 5076; x_wconf 87' lang='lat' dir='ltr'>quam</span> <span class='ocrx_word' id='word_1_491' title='bbox 1851 4985 1951 5054; x_wconf 87' lang='lat' dir='ltr'>reddi</span> <span class='ocrx_word' id='word_1_492' title='bbox 1971 4987 2035 5056; x_wconf 91' lang='lat' dir='ltr'>tibi</span> <span class='ocrx_word' id='word_1_493' title='bbox 2059 5003 2157 5079; x_wconf 89' lang='lat' dir='ltr'>opta·</span> 
     </span>
     <span class='ocr_line' id='line_1_49' title="bbox 158 5085 2157 5202; baseline 0.001 -47"><span class='ocrx_word' id='word_1_494' title='bbox 158 5127 536 5202; x_wconf 62' lang='lat' dir='ltr'>Masinissensium.</span> <span class='ocrx_word' id='word_1_495' title='bbox 1171 5089 1250 5158; x_wconf 85' lang='lat' dir='ltr'>rim.</span> <span class='ocrx_word' id='word_1_496' title='bbox 1307 5085 1432 5158; x_wconf 89' lang='lat' dir='ltr'>Scribo</span> <span class='ocrx_word' id='word_1_497' title='bbox 1459 5087 1572 5156; x_wconf 86' lang='lat' dir='ltr'>rarius</span> <span class='ocrx_word' id='word_1_498' title='bbox 1599 5107 1681 5182; x_wconf 86' lang='lat' dir='ltr'>non·</span> <span class='ocrx_word' id='word_1_499' title='bbox 1698 5085 1802 5154; x_wconf 90' lang='lat' dir='ltr'>aliam</span> <span class='ocrx_word' id='word_1_500' title='bbox 1829 5085 1876 5156; x_wconf 93' lang='lat' dir='ltr'>ob</span> <span class='ocrx_word' id='word_1_501' title='bbox 1900 5109 2057 5174; x_wconf 85' lang='lat' dir='ltr'>causam,</span> <span class='ocrx_word' id='word_1_502' title='bbox 2089 5087 2157 5160; x_wconf 87' lang='lat' dir='ltr'>nisi</span> 
     </span>
    </p>
   </div>
   <div class='ocr_carea' id='block_1_7' title="bbox 1169 5252 1395 5272">
    <p class='ocr_par' dir='ltr' id='par_1_18' title="bbox 1169 5252 1395 5272">
     <span class='ocr_line' id='line_1_50' title="bbox 1169 5252 1395 5272; baseline 0 -2"><span class='ocrx_word' id='word_1_503' title='bbox 1169 5252 1395 5272; x_wconf 49' lang='lat' dir='ltr'>u*</span> 
     </span>
    </p>
   </div>
   <div class='ocr_carea' id='block_1_8' title="bbox 1205 5332 2156 5410">
    <p class='ocr_par' dir='ltr' id='par_1_19' title="bbox 1205 5332 2156 5410">
     <span class='ocr_line' id='line_1_51' title="bbox 1205 5332 2156 5410; baseline 0.012 -26"><span class='ocrx_word' id='word_1_504' title='bbox 1205 5343 1233 5410; x_wconf 71' lang='lat' dir='ltr'>r)</span> <span class='ocrx_word' id='word_1_505' title='bbox 1251 5339 1294 5396; x_wconf 59' lang='lat' dir='ltr'>ng</span> <span class='ocrx_word' id='word_1_506' title='bbox 1306 5339 1391 5394; x_wconf 59' lang='lat' dir='ltr'>Proto</span> <span class='ocrx_word' id='word_1_507' title='bbox 1406 5346 1431 5392; x_wconf 78' lang='lat' dir='ltr'>et</span> <span class='ocrx_word' id='word_1_508' title='bbox 1445 5337 1607 5410; x_wconf 66' lang='lat' dir='ltr'>polycarpo.</span> <span class='ocrx_word' id='word_1_509' title='bbox 1644 5333 1706 5390; x_wconf 79' lang='lat' dir='ltr'>vid.</span> <span class='ocrx_word' id='word_1_510' title='bbox 1721 5351 1762 5406; x_wconf 90' lang='lat' dir='ltr'>ep.</span> <span class='ocrx_word' id='word_1_511' title='bbox 1775 5332 1888 5408; x_wconf 85' lang='lat' dir='ltr'>Myron.</span> <span class='ocrx_word' id='word_1_512' title='bbox 1904 5335 1931 5392; x_wconf 79' lang='lat' dir='ltr'>d.</span> <span class='ocrx_word' id='word_1_513' title='bbox 1946 5335 2079 5396; x_wconf 68' lang='lat' dir='ltr'>tettae</span> <span class='ocrx_word' id='word_1_514' title='bbox 2092 5337 2119 5396; x_wconf 86' lang='lat' dir='ltr'>b.</span> <span class='ocrx_word' id='word_1_515' title='bbox 2133 5359 2156 5398; x_wconf 83' lang='lat' dir='ltr'>e.</span> 
     </span>
    </p>
   </div>
   <div class='ocr_carea' id='block_1_9' title="bbox 1203 5417 2158 5548">
    <p class='ocr_par' dir='ltr' id='par_1_20' title="bbox 1203 5417 2158 5548">
     <span class='ocr_line' id='line_1_52' title="bbox 1203 5417 2158 5548; baseline 0.015 -82"><span class='ocrx_word' id='word_1_516' title='bbox 1203 5423 1360 5548; x_wconf 43' lang='lat' dir='ltr'>*ioht-,¹⁰⁸</span> <span class='ocrx_word' id='word_1_517' title='bbox 1381 5420 1461 5478; x_wconf 68' lang='lat' dir='ltr'>mr,</span> <span class='ocrx_word' id='word_1_518' title='bbox 1484 5419 1557 5478; x_wconf 71' lang='lat'>1543.</span> <span class='ocrx_word' id='word_1_519' title='bbox 1593 5417 1655 5474; x_wconf 84' lang='lat' dir='ltr'>Vid.</span> <span class='ocrx_word' id='word_1_520' title='bbox 1676 5435 1756 5490; x_wconf 78' lang='lat' dir='ltr'>supra</span> <span class='ocrx_word' id='word_1_521' title='bbox 1776 5433 1818 5490; x_wconf 84' lang='lat' dir='ltr'>sp.</span> <span class='ocrx_word' id='word_1_522' title='bbox 1839 5419 1871 5474; x_wconf 82' lang='lat' dir='ltr'>ed</span> <span class='ocrx_word' id='word_1_523' title='bbox 1893 5417 2027 5478; x_wconf 75' lang='lat' dir='ltr'>Comme.</span> <span class='ocrx_word' id='word_1_524' title='bbox 2047 5431 2158 5480; x_wconf 70' lang='lat' dir='ltr'>exeunte</span> 
     </span>
    </p>
   </div>
   <div class='ocr_carea' id='block_1_10' title="bbox 135 5562 1318 5644">
    <p class='ocr_par' dir='ltr' id='par_1_21' title="bbox 135 5562 1318 5644">
     <span class='ocr_line' id='line_1_53' title="bbox 135 5562 1318 5644; baseline -0.012 -6"><span class='ocrx_word' id='word_1_525' title='bbox 135 5577 315 5644; x_wconf 71' lang='lat' dir='ltr'>ilrernrn.</span> <span class='ocrx_word' id='word_1_526' title='bbox 328 5575 431 5642; x_wconf 82' lang='lat' dir='ltr'>Oeen.</span> <span class='ocrx_word' id='word_1_527' title='bbox 459 5573 576 5637; x_wconf 73' lang='lat' dir='ltr'>Vonl</span> <span class='ocrx_word' id='word_1_528' title='bbox 592 5624 599 5636; x_wconf 93' lang='lat'><strong><em>.</em></strong></span> <span class='ocrx_word' id='word_1_529' title='bbox 1294 5562 1318 5636; x_wconf 82' lang='lat'>5</span> 
     </span>
    </p>
   </div>
   <div class='ocr_carea' id='block_1_11' title="bbox 0 0 2450 6245">
    <p class='ocr_par' dir='ltr' id='par_1_22' title="bbox 0 0 2450 6245">
     <span class='ocr_line' id='line_1_54' title="bbox 0 0 2450 6245; baseline 0 0"><span class='ocrx_word' id='word_1_530' title='bbox 0 0 2450 6245; x_wconf 95' lang='lat' dir='ltr'> </span> 
     </span>
    </p>
   </div>
  </div>
 </body>
</html>
