4890 6250
287 319 357 374 xrv
904 293 1179 374 ANNALES
1215 294 1408 376 VITAE.
1428 296 1560 384 Mun
1616 300 1751 383 1545.

306 402 379 566 (dit
423 477 566 542 Formam
581 472 760 540 Gonsirtoni
775 473 896 542 Witeb.
916 483 1091 561 scripserat,
1117 499 1196 564 qnae
1208 499 1280 543 varo
1296 499 1337 541 ex
1352 484 1421 544 aula
1438 481 1514 546 redit
1530 485 1617 548 valde
1633 497 1759 549 mutata.

317 625 378 690 16.
426 608 552 679 Calculo
571 615 697 675 laborat.

312 761 372 825 18.
424 750 572 840 Defendit
586 772 619 814 ae
633 767 782 834 suosque,
809 767 840 808 se
852 767 917 808 non
933 767 997 809 esse
1015 747 1179 810 desertores
1191 743 1343 812 Ecclesiae
1358 744 1428 811 Dei.

226 928 234 948 .
314 897 372 960 21.
425 886 570 950 Vincitur
585 897 616 947 et
630 889 746 967 capitur
760 880 911 944 Henrious
924 877 1095 944 Brunswic.

315 1025 374 1094 24.
431 1021 682 1102 Witebergensea
697 1021 845 1079 nuncium
861 1019 1013 1098 accipiunt
1029 1015 1065 1076 de
1084 1027 1170 1097 capto
1189 1015 1323 1081 Henrico
1339 1016 1478 1081 Brunsw.

316 1165 375 1232 29.
424 1154 588 1219 intercedit
602 1175 658 1238 pro
676 1151 790 1236 oppido
808 1149 978 1213 Helmstiidt
993 1149 1074 1231 apud
1089 1154 1227 1214 victores.

316 1303 373 1366 31.
427 1290 576 1374 Magnum
590 1287 764 1351 incendium
778 1283 907 1350 Gothae.

300 1429 380 1496 Nor.

343 1538 374 1604 9.
429 1521 611 1590 consolatur
627 1483 833 1584 Grimerarium
849 1515 886 1577 de
901 1528 999 1577 morte
1015 1516 1126 1582 l‘ratris.

428 1659 498 1721 Hoc
516 1679 618 1720 mense
631 1665 747 1716 enarrat
760 1649 926 1714 Ptolemaei
943 1647 1215 1734 Quadripertitum.

250 1877 257 1884 ⁵
287 1801 382 1973 Deci:
431 1888 586 1954 Promittit
605 1882 683 1947 Vito
708 1879 874 1944 Theodoro
896 1879 1116 1963 praefationem
1138 1885 1170 1940 in
1190 1874 1321 1941 Luthcri
1340 1881 1559 1940 enarrationem
1580 1875 1693 1942 Psalmi
1706 1873 1749 1941 Π.
1772 1883 1898 1943 scribere
1922 1895 1952 1945 et
1974 1886 2111 1962 mittere,
2156 1905 2247 1967 quam
2271 1888 2342 1954 vide

482 1994 511 2052 d.
527 1989 586 2059 25.
602 1985 692 2050 Mart.
716 1984 825 2053 1646.

344 2149 377 2210 8,
429 2127 487 2190 His
500 2126 605 2188 diebus
618 2119 816 2200 Witebergae
829 2116 891 2178 fuit
907 2110 1053 2178 Albertus
1069 2112 1145 2178 Dux
1159 2115 1315 2192 Prussiae„
1359 2113 1547 2180 Camerarius
1562 2112 1687 2202 Lipsiae
1702 2117 1741 2179 ad
1757 2141 1827 2182 enm
1843 2125 1927 2183 venit
1941 2117 2162 2204 Witebergam.

321 2286 378 2349 13,
428 2259 594 2325 inchoatur
609 2259 774 2320 concilium
787 2251 1013 2316 Tridentinum.

430 2399 546 2481 Agitur
560 2395 598 2456 de
612 2389 810 2454 Melanthone
823 2386 973 2449 mittendo
987 2384 1025 2447 ad
1040 2389 1231 2470 colloquium
1242 2383 1401 2448 Ratisbon.

431 2533 574 2614 Cruciger
589 2540 689 2590 narrat
701 2524 780 2586 vno
801 2521 986 2601 Theodoro,
1014 2541 1075 2605 quo
1091 2523 1193 2582 animo
1209 2525 1248 2584 sit
1263 2516 1435 2598 Lutherus‚
1463 2519 1546 2603 quod
1562 2523 1667 2582 attinet
1682 2519 1720 2582 ad
1734 2519 1902 2584 doctrinam
1917 2523 1955 2586 de
1971 2545 2064 2588 coena
2083 2547 2174 2591 sacra.

321 2689 381 2753 21,
430 2657 723 2836 Propcisciturwpunp)
732 2655 870 2722 Luthero
884 2659 995 2720 iterum
1011 2653 1242 2737 iliensleldiam,
1278 2675 1453 2741 quanquam
1470 2656 1642 2719 valetudine
1666 2657 1814 2721 laborans.
1840 2689 1892 2707 ·-
1938 2656 2104 2743 Scripserat
2131 2673 2240 2728 statuta
2254 2661 2347 2730 Aoe-

504 2774 597 2834 emiae
662 2773 703 2828 ite
724 2785 785 2846 erg.

319 2927 379 2990 28.
432 2911 487 2975 Est
500 2908 607 2973 Halae.
632 2936 682 2953 -
723 2896 841 2961 Statura
855 2896 1022 2958 academiae
1037 2900 1118 2980 typis
1135 2898 1352 2958 exscribuntur.

318 3059 380 3124 26.
432 3047 488 3112 Est
501 3036 708 3108 Mansi'eldiae.

434 3182 589 3248 Praefatur
605 3173 666 3236 hoc
681 3188 760 3231 anno
775 3171 808 3228 in
826 3140 1025 3229 Harmoniam
1041 3167 1078 3230 de
1094 3171 1232 3250 passione
1249 3163 1362 3229 Christi
1376 3183 1394 3225 a
1408 3157 1540 3242 Georgia
1557 3156 1656 3222 Rhaw
1670 3163 1789 3226 pdpm·
