4796 6258
300 296 375 382 47)
595 317 601 328 “
873 281 1313 366 EPISTOLARUM
1367 285 1477 365 ΜΒ.
1512 285 1577 375 tx.
1628 289 1762 374 1811.
2232 305 2282 380 taz

304 492 385 559 erga
401 490 457 536 me
472 465 617 538 officiosi
633 464 758 552 multi,
791 477 910 536 tamen
922 473 1105 555 praetextu
1124 457 1297 530 amicitiae
1347 453 1414 530 bac
1433 460 1535 532 inre
1555 485 1737 549 moveare,
1770 465 1898 536 deinde
1920 459 2174 540 honestissimae
2191 487 2284 542 matro-

304 594 370 649 nec
391 559 659 654 πλεονεκτικός,
700 591 765 636 nec
787 578 945 659 captator
965 587 1039 635 esse
1066 561 1184 635 velim.
1244 559 1297 630 Te
1343 559 1490 656 ‚nae²⁰)‚
1526 565 1686 654 coniugis
1710 567 1837 656 ipsius,
1872 567 2011 658 inopia,
2043 595 2141 663 quam
2163 595 2223 640 non
2241 576 2286 642 du-

305 684 399 740 certe
418 683 563 762 propter
582 669 784 740 communia
807 667 925 737 studia
946 667 1101 758 optimae
1116 661 1298 732 doctrinae
1347 663 1424 733 bito
1444 675 1485 734 ut
1504 687 1661 736 sororem
1686 668 1750 736 aba
1774 681 1807 737 tc
1828 669 1928 758 diligi
1944 664 1984 763 ²¹)
2007 683 2042 740 et
2063 685 2193 764 propter
2211 697 2287 762 genus

305 785 339 842 et
359 784 504 863 propter
523 782 677 842 veterem
701 783 736 840 et
760 768 999 840 doctissimam
1015 762 1045 863 ⁰)
1074 763 1295 834 familiarita·
1348 779 1541 858 etpropter
1557 767 1633 836 eius
1649 767 1829 842 virtutem.
1873 766 1921 841 Et
1936 771 2030 840 enim
2050 775 2225 866 exemplum
2238 800 2288 844 ma-

305 887 376 944 tem
404 896 543 964 semper
564 870 713 942 candide
738 871 846 941 dilexi
872 883 907 940 et
928 865 1044 940 adhuc
1066 867 1193 956 diligo,
1232 888 1296 934 nec
1348 879 1629 938 tronaeornatae
1644 871 1811 942 omnibus
1834 871 1974 941 eximiis
1994 873 2189 963 virtutibus,
2215 877 2289 965 pudi-

303 974 439 1045 mutavi
463 975 652 1068 quicquam
674 973 718 1042 de
743 996 819 1041 mea
841 993 920 1062 erga
942 967 1186 1060 benevolentia
1211 990 1297 1060 pro·
1348 968 1449 1054 citia,
1472 969 1662 1060 gravitate,
1692 972 1878 1042 sanctitate
1893 997 2052 1054 morum,
2077 975 2208 1065 pietate,
2230 977 2291 1045 tole·

302 1089 443 1169 pterea,
479 1077 575 1170 quod
598 1073 713 1144 affinis
731 1076 784 1144 tui
806 1072 897 1144 filios
918 1067 1104 1142 honestiss.
1120 1071 1164 1139 ad
1182 1090 1295 1138 meam
1345 1070 1480 1156 cantia,
1512 1071 1696 1160 diligentia
1715 1071 1755 1142 in
1771 1075 1987 1144 oeconomia.
2037 1073 2151 1148 Huius
2165 1091 2195 1146 te
2208 1078 2292 1146 lartu-

304 1176 445 1250 admisi.
479 1175 556 1246 lmo
572 1198 755 1270 nunquam
773 1176 889 1267 ipsum
906 1175 950 1244 de
963 1189 996 1244 te
1012 1195 1133 1264 aspere
1148 1172 1296 1262 loqucn-
1347 1195 1430 1244 nam
1446 1171 1618 1264 respicere
1632 1197 1697 1266 pro
1712 1187 1772 1246 tua
1791 1175 1919 1266 pietate
1934 1176 2041 1247 velim
2051 1173 2106 1272 ²²).
2151 1177 2291 1248 Postrema

226 1345 231 1350 .
303 1291 376 1348 tem
400 1276 540 1362 audivi,
581 1275 743 1370 aequasi
768 1277 844 1347 eius
873 1275 1089 1368 suspiciones
1120 1265 1297 1366 sanavi').
1348 1273 1454 1342 etiam
1474 1288 1615 1344 nostrae
1635 1275 1808 1348 amicitiae
1828 1277 1964 1372 aliquid
1980 1279 2124 1352 tribuas.
2170 1276 2292 1348 luvaren

303 1377 400 1450 Volo
414 1379 523 1468 igitur
540 1377 606 1450 libi
619 1401 824 1470 persuasum
840 1401 929 1464 esse,
965 1389 1042 1446 tea
1065 1372 1296 1444 moveredi-
1347 1375 1476 1466 etipse
1496 1371 1645 1472 eam²³)‚
1681 1377 1712 1448 si
1733 1373 2031 1468 oeconomiam²⁴)
2053 1379 2227 1471 potuissem
2244 1381 2293 1470 ipse

304 1481 387 1570 ligi,
412 1492 446 1551 et
468 1473 561 1550 hanc
581 1479 765 1572 epistolam
788 1494 957 1574 tanquam
973 1491 1096 1548 testem
1113 1474 1297 1567 praecipue
1348 1498 1478 1566 regere.
1538 1475 1610 1550 Sed
1638 1502 1695 1549 nte
1725 1481 1864 1570 negotia
1894 1481 2038 1572 publica
2068 1482 2293 1573 impediverunt

304 1605 403 1651 meae
417 1581 611 1652 volontatis
625 1581 691 1651 tibi
701 1575 730 1674 ⁸)
746 1581 861 1654 mitto.
912 1579 1065 1649 Memini
1083 1590 1217 1660 autem,
1241 1595 1297 1644 me
1348 1573 1514 1671 Aequum
1528 1593 1730 1667 astantem,
1758 1605 1826 1652 nos
1836 1577 1877 1672 ²⁸)
1891 1605 1965 1654 esse
1979 1583 2152 1654 officiosos
2167 1605 2235 1671 erga
2249 1603 2294 1662 eos

304 1695 387 1754 ante
407 1686 518 1752 annos
540 1682 678 1777 aliquot
701 1684 746 1753 de
771 1677 967 1752 Ambrosio
988 1673 1127 1750 Rauter
1140 1673 1168 1773 ⁰)
1191 1677 1234 1746 ad
1263 1689 1296 1745 te
1348 1703 1501 1772 quornm
1517 1681 1645 1752 militia
1661 1683 1772 1755 servit
1784 1679 1979 1770 Ecclesiae,
2010 1699 2045 1756 et
2062 1683 2241 1776 doctrinam
2258 1706 2296 1750 ve·

306 1785 475 1869 scribere,
502 1807 609 1877 quem
624 1785 720 1877 quod
735 1797 880 1878 propter
893 1783 1012 1853 literas
1028 1803 1121 1850 meas
1137 1794 1220 1851 tunc
1234 1779 1297 1847 ad·
1347 1803 1423 1850 ram
1440 1781 1603 1854 illustrat.
1652 1773 1748 1856 Haec
1763 1787 1808 1854 ad
1826 1799 1860 1857 ta
1875 1785 1998 1877 scripsi
2015 1789 2110 1856 bono
2125 1787 2244 1868 studio,
2261 1797 2295 1852 tt·

304 1885 430 1957 iuvisti
440 1881 499 1980 ¹⁰),
524 1882 640 1956 babeo
655 1885 721 1958 tibi
737 1885 884 1976 gratiam
899 1897 938 1956 ut
955 1884 1067 1955 debeo
1079 1877 1135 1978 ¹¹),
1166 1905 1205 1950 ac
1219 1877 1297 1950 Deo
1349 1905 1417 1974 que
1430 1905 1494 1952 oro
1506 1877 1560 1979 ²⁶),
1584 1896 1624 1955 ut
1639 1900 1799 1957 amanter
1814 1900 1848 1956 et
1860 1886 2055 1958 liberaliter
2065 1880 2297 1979 respondeas²⁷l

305 2000 445 2078 gratnm
459 1987 826 2059 coetuum-officiam
848 2009 923 2056 non
943 1985 1088 2070 dubito,
1121 1983 1184 2078 qui
1204 1993 1298 2052 certe
1348 1981 1462 2068 Deus,
1493 1998 1594 2076 pater
1614 1998 1778 2058 aeternus
1801 1989 1940 2060 domini
1965 1990 2080 2060 nostri
2102 1987 2176 2060 lesu
2189 1983 2298 2067 Christi.

304 2089 404 2175 vult,
434 2102 477 2159 ut
496 2083 654 2160 honestis
667 2088 817 2159 familiis
836 2087 1020 2178 egentibus
1040 2085 1145 2156 amici
1155 2080 1197 2178 ¹²)
1219 2082 1297 2151 siue
1349 2097 1462 2155 servet
1478 2097 1512 2156 te
1528 2101 1563 2160 et
1577 2101 1674 2158 tuam
1686 2090 1856 2161 familiam
1873 2089 2107 2176 incolumem,
2138 2103 2173 2162 et
2188 2098 2298 2179 regatte

304 2189 438 2280 insigni
461 2189 673 2261 detrimento
693 2189 930 2282 opitulentur,
959 2203 1002 2261 ut
1021 2211 1165 2258 manere
1186 2184 1298 2255 socie-
1347 2186 1560 2258 adsalutem
1582 2185 1760 2262 Ecclesiae
1784 2203 1819 2262 et
1841 2205 1950 2268 tuam.
2008 2189 2110 2264 Bene
2134 2191 2214 2262 vale.
2253 2185 2300 2260 Dte

306 2299 360 2362 tas
382 2291 496 2362 civilis
511 2302 546 2362 et
562 2290 787 2362 ecclesiarum
802 2291 1006 2362 coniunctio
1021 2290 1142 2382 possit.
1192 2284 1297 2356 Nunc
1346 2287 1409 2376 28.
1426 2286 1597 2382 Augusti,
1619 2287 1728 2368 1544.

303 2391 472 2464 interim.
501 2406 624 2485 ropter
637 2387 678 2488 ¹⁸)
711 2387 944 2464 Ambrosium
966 2391 1103 2464 Reuter
1118 2387 1160 2484 ¹⁴)
1191 2389 1234 2458 ad
1262 2399 1296 2456 te
1448 2389 1577 2462 Senem
1594 2396 1834 2464 venerandum
1849 2408 1994 2486 propter
2008 2393 2192 2486 pietatem,
2214 2386 2300 2461 erodi·

305 2494 433 2570 scribo.
465 2504 483 2526 ⁴·
520 2489 712 2589 actenus¹‘)
726 2495 883 2586 privigni
899 2508 936 2566 et
958 2484 1296 2586 praeproperatae¹⁶)
1348 2488 1500 2578 tionem,
1525 2493 1761 2564 ministeriam
1777 2491 1963 2585 Evangelii
1979 2510 2012 2568 et
2029 2497 2208 2588 pietatem,
2227 2491 2299 2562 Dan

304 2595 565 2668 aedificationes
587 2617 670 2668 eun
693 2590 942 2670 exhauserunt.
1000 2593 1106 2665 Nunc
1125 2592 1296 2661 liberatus
1343 2585 1649 2682 'diariinnm²⁸),
1674 2594 1955 2668 Conterraneom
1977 2623 2117 2681 meum,
2142 2603 2300 2690 opturata

303 2718 324 2766 a
338 2697 511 2788 privignis
524 2697 593 2768 sihi
607 2711 643 2769 et
656 2719 740 2768 suae
757 2697 899 2788 coniugi
923 2691 1190 2766 honestissimae
1211 2715 1296 2761 con·
1348 2694 1464 2764 valere
1480 2708 1515 2768 et
1528 2697 1663 2768 diutins
1677 2699 1796 2767 vivete
1809 2712 1843 2768 et
1859 2697 1993 2770 servire
2006 2697 2202 2774 Ecclesiae.-
2230 2689 2298 2783 opo

305 2798 421 2870 solere
433 2799 554 2890 cupit,
578 2811 614 2871 et
630 2798 813 2870 aedificare
829 2799 945 2873 desiit.
993 2794 1154 2891 Cumque
1170 2795 1296 2865 domus
1348 2807 1382 2868 et
1394 2797 1542 2868 salutem
1554 2799 1783 2888 gubernatori
1795 2794 1937 2871 scholae
1952 2800 2143 2874 literariae.
2163 2843 2167 2850 ·

303 2899 337 2968 ei
359 2899 539 2971 fructuosa
564 2921 638 2970 esse
658 2898 770 2992 possit
790 2900 895 2971 etiam
919 2897 1198 2986 negociationem
1220 2919 1294 2964 me-

302 2999 460 3072 diocrem
482 2999 667 3073 instituere
690 2999 799 3092 cupit.
854 2999 925 3072 Sed
947 3001 991 3068 ad
1018 2993 1109 3070 banc
1131 3021 1221 3089 opus
1244 3007 1296 3065 est

302 3100 335 3168 ei
364 3097 564 3198 auxilio¹²),
604 3113 644 3173 ut
675 3115 780 3173 antea
801 3089 1292 3190 Mauriliombibliopolam
1330 3119 1335 3132 ¹

301 3215 464 3272 nostrum
486 3216 602 3275 tecum
622 3203 781 3274 locutum
804 3225 877 3274 esse
899 3203 1055 3273 arbitror
1065 3196 1112 3296 ²‘)
1169 3199 1239 3270 llic
1259 3210 1293 3267 te
1345 3226 1410 3299 No·
1424 3228 1536 3299 3020·
2179 3239 2232 3305 25·
2246 3232 2300 3305 Ag,

297 3317 446 3395 propter
466 3301 603 3386 Deum,
642 3317 824 3380 aeternum
852 3319 986 3397 patrem
1012 3303 1149 3372 domini
1180 3300 1292 3372 nostri
1352 3325 1522 3356 *mv
1866 3367 1871 3378 ,
2183 3327 2289 3362 ..ψ

197 3413 202 3420 ’
300 3399 380 3474 Iesu
396 3399 550 3492 Christi,
580 3405 643 3499 qui
664 3407 825 3476 omnium
846 3406 971 3476 officiis
993 3427 1216 3476 communem
1235 3427 1293 3472 so-
1699 3409 1755 3495 N,
1778 3410 1983 3497 Mallem·

301 3505 460 3578 cientem
475 3506 592 3577 iuvari
606 3507 701 3594 vult,
723 3520 764 3578 ut
779 3520 945 3578 maneant
961 3507 1105 3600 politiae
1120 3519 1155 3576 et
1168 3503 1292 3576 Eccle-

300 3605 384 3693 siae,
409 3607 449 3676 in
465 3605 699 3701 quibusDens
715 3608 922 3694 celebretur,
942 3633 1022 3693 oro,
1048 3601 1293 3676 utAmbrosio
1412 3589 1436 3643 E
1446 3587 1658 3712 {fffifffi}
1672 3585 1740 3710 {iffi
1750 3588 1923 3713 1ᾖῇὲοῧῇ
1925 3589 2215 3715 fflss‘ffl‘lfffin·
2232 3581 2300 3708 ῃ)

300 3707 363 3776 des
387 3719 512 3779 mutuo
541 3707 698 3803 aliquam
722 3709 928 3801 pecuniam,
969 3711 1013 3780 ad
1036 3697 1300 3778 instituendas?
1446 3695 1846 3807 peqabanztoipssietaa.
1862 3696 2010 3784 'Nunc'er
2029 3681 2301 3788 eodfe‘otmlinob

299 3808 592 3898 negociationem.
651 3809 759 3898 Quod
781 3823 822 3880 nt
843 3811 919 3880 sine
941 3805 1168 3892 damnabat,
1200 3807 1291 3877 ratio
1445 3806 1556 3866 mlh·

299 3908 457 3981 ineunda
481 3904 615 4008 erit¹').
669 3908 830 3982 Primum
862 3925 980 3981 autem
1011 3907 1079 3980 Dei
1110 3909 1292 3980 voluntate
1484 3947 1576 4026 Dm·
1602 3945 1712 4025 Dm
1738 3945 1944 4030 Nggogao
1968 3947 2194 4030 Mgdlm,

297 4097 337 4112 w

1342 4061 1387 4153 S·
1411 4085 1457 4160 D.
1515 4080 1782 4168 Animadverti,
1826 4084 2107 4156 illustrissimum
2143 4081 2304 4178 principem

333 4209 363 4282 6)
381 4219 409 4266 et
422 4213 532 4271 amas.
544 4214 606 4270 cot.
619 4213 730 4272 Monac.
740 4215 783 4274 88.
798 4233 854 4272 non
868 4215 958 4272 latet.
1342 4187 1532 4257 cletnenter
1548 4187 1591 4256 de
1610 4200 1644 4256 ta
1659 4185 1800 4259 sentire.
1849 4181 1898 4258 Et
1918 4187 2076 4258 fortassis
2098 4187 2162 4258 ubi
2185 4177 2304 4255 audierit

332 4294 530 4366 barontum
548 4301 624 4367 quoa
636 4277 691 4354 ιιι.
707 4319 763 4353 non
786 4298 914 4370 teguntur
930 4300 959 4358 in
979 4299 1042 4358 eod.
1055 4301 1166 4360 Monac
1179 4303 1240 4378 88.,
1264 4315 1291 4362 et
1342 4289 1615 4373 controversias,
1647 4309 1738 4380 quae
1757 4287 1823 4358 tibi
1844 4301 1927 4358 sunt
1947 4311 2026 4357 cum
2052 4287 2210 4372 civibus,
2237 4279 2305 4350 volet

331 4363 851 4516 mwwseffifflgffffl‘·
1341 4404 1376 4460 te
1390 4413 1546 4475 manere;
1579 4389 1675 4482 quod
1699 4385 1730 4457 ai
1752 4399 1861 4479 petet,
1892 4389 2164 4460 deliberandum
2178 4385 2237 4458 tibi
2251 4381 2304 4459 att

333 4533 362 4601 9)
380 4534 546 4595 &Uistla
561 4539 619 4595 tat.
634 4557 685 4611 pro
702 4537 815 4592 nomiae
829 4536 909 4592 babet
922 4547 1043 4595 tantuma
1064 4542 1101 4596 Ν.
1340 4493 1427 4586 qnid
1450 4511 1683 4583 ¹⁶⁸P⁰n⁸um⁸
1703 4489 1763 4564 ὼ·
1819 4486 1896 4580 ΕΕΟ
1916 4485 2007 4562 mihi
2030 4485 2127 4566 nihil
2153 4489 2236 4572 iuri?
2260 4501 2305 4550 Μ

333 4623 377 4690 10)
395 4629 460 4676 tuae
470 4627 616 4690 adabvista]
629 4623 691 4680 eod.
704 4620 790 4678 Goth.
805 4622 864 4678 tat.
877 4621 1032 4680 admisisti.

332 4705 378 4774 11)
396 4706 467 4764 cot.
480 4707 594 4767 Monac.
607 4707 650 4766 88.
662 4709 753 4762 babeo
764 4715 793 4761 et
803 4709 890 4760 debeo
902 4709 953 4760 titt
961 4710 1097 4777 gratim

332 4791 376 4860 12)
393 4793 493 4860 amici]
510 4794 572 4850 ead.
588 4793 698 4850 Menae.
712 4791 756 4847 88.
767 4792 821 4846 otii
830 4793 1034 4859 impleam„
1374 4774 1420 4846 10)
1438 4785 1563 4831 matram
1579 4773 1643 4830 cod.
1655 4771 1738 4830 Galla.
1747 4775 1806 4830 191.
1821 4773 1977 4830 nonhabet.

332 4873 377 4942 18)
394 4875 465 4932 cot.
478 4875 591 4932 Mosae.
605 4875 648 4934 88,
664 4879 708 4932 de.
1372 4861 1420 4931 st)
1439 4858 1510 4916 cot.
1522 4858 1635 4916 Monta.
1649 4859 1692 4916 88.
1706 4877 1792 4929 quam
1806 4861 1863 4912 sein
1876 4870 1904 4912 ts
1915 4867 1947 4912 nt
1957 4875 2085 4915 morem
2097 4861 2219 4929 surgere.

199 4941 201 4948 ’
331 4963 376 5031 aa)
394 4959 465 5018 coa.
477 4959 561 5018 oeta.
577 4962 636 5020 ast.
646 4962 682 5017 A.
694 4961 733 5016 tt.
1368 4945 1418 5012 att
1435 4951 1695 5012 “arwam
1710 4933 2260 5014 anatemati-eoam&

330 5043 378 5112 ts)
395 5043 628 5100 dimanantes
641 5063 657 5100 a
670 5045 829 5102 ωοοῦσι).
842 5045 905 5100 191.
1370 5029 1415 5100 28)
1434 5027 1504 5084 cot.
1518 5027 1629 5084 Monte·
1640 5027 1684 5084 88.
1699 5026 1838 5083 tunm
1851 5027 1909 5092 bae
1921 5043 1997 5083 mm.

330 5131 376 5197 18)
392 5146 527 5198 praepar.
540 5127 617 5184 abest
629 5147 643 5184 a
656 5129 720 5188 cod.
730 5131 843 5186 Manae.
856 5131 899 5186 88.
1368 5116 1417 5184 il)
1434 5114 1505 5172 eat.
1517 5115 1629 5172 Monac.
1640 5113 1686 5170 88.
1695 5112 1786 5168 addita
1803 5129 1911 5166 meam.

330 5213 376 5281 17)
393 5233 512 5283 sumque
524 5218 626 5270 domna
637 5217 702 5286 ete]
720 5215 781 5272 cot.
794 5215 906 5273 Mania.
920 5216 963 5270 88.
981 5219 1032 5270 aad
1045 5223 1076 5268 ut
1088 5217 1218 5272 institunt
1227 5221 1286 5274 ali-
1370 5205 1415 5272 25)
1435 5202 1505 5260 οῦδ·
1517 5201 1630 5259 Mm-
1642 5201 1687 5256 ⁸⁸·
1701 5199 1739 5254 ἢ
1752 5217 1874 5270 '‘W''
1887 5208 1947 5270 “¹2
1964 5215 2022 5263 ⁸¹⁰¹·

363 5301 451 5354 qnam
463 5286 631 5338 mediocrum
642 5289 864 5352 ugoerbtr'onsm
875 5285 1025 5341 «namet
1036 5296 1171 5354 mnus.
1369 5290 1417 5356 26)
1435 5289 1505 5347 cod.
1520 5287 1690 5345 Monaesi.
1705 5303 1784 5354 rogo.

330 5369 375 5435 18)
391 5370 529 5434 arbiror]
543 5367 606 5424 cod.
620 5367 732 5424 mone.
744 5369 788 5424 88.
801 5371 898 5425 audiit.
1370 5374 1416 5444 rt)
1434 5371 1485 5429 llic
1499 5371 1599 5426 desinit
1611 5388 1706 5444 apogr.
1718 5369 1748 5424 io
1763 5367 1827 5426 cod.
1838 5367 1950 5426 Monac.
1961 5367 2005 5423 88.

329 5455 373 5528 19)
392 5453 462 5512 eat.
476 5452 588 5511 Monac.
602 5451 646 5510 88.
658 5455 735 5510 retia
748 5455 837 5514 abac
849 5456 920 5510 iniri
929 5457 1041 5528 potent.
1370 5459 1417 5530 28)
1435 5455 1608 5512 Sinlerumi
