4842 6256
63 341 146 422 see
647 332 1087 414 srrsronauuu
1135 333 1244 414 mn.
1275 333 1340 414 ra.
1393 332 1527 413 tata.
1665 321 1669 335 '
2031 337 2109 416 sao

63 517 227 587 betiores
257 525 339 583 sunt
365 525 399 583 et
418 511 512 582 vires
537 533 660 581 omnes
680 509 932 600 languidiores.
987 505 1062 580 Nec
1115 508 1209 580 enim
1227 509 1366 580 labores
1381 509 1533 580 aliorum
1541 531 1642 580 causa
1661 503 1877 604 suscipiendi
1893 508 2105 581 suntomni-
2175 598 2178 608 ,
2216 583 2220 590 ,

64 619 232 690 coctione
252 615 407 704 integra,
433 637 499 682 nec
522 635 645 683 somno
668 612 751 682 satis
774 613 908 702 rigatur
929 602 1063 680 exhau·
1113 613 1180 682 bus
1203 611 1440 683 mediocribus
1464 605 1682 686 hominibus.
1732 611 1805 684 Sed
1826 612 2105 684 consolationem

64 734 164 792 stum
187 739 331 807 corpus:
370 726 405 784 et
429 714 656 786 cumulantur
688 713 812 784 aetatis
839 714 931 783 mala
955 712 1060 798 curis,
1113 726 1313 796 teneamus,
1338 707 1621 806 quam'doctrina
1637 713 1796 786 coelestis
1809 713 1990 806 proponit.
2012 711 2104 783 'Me-

64 819 276 902 doloribus,
298 815 481 907 periculis,
503 813 644 901 erratis,
661 815 860 900 aerumnis,
874 838 960 908 quas
974 815 1060 884 sarb-
1111 813 1338 898 minerimns,
1364 837 1430 885 nos
1444 815 1484 884 in
1500 809 1565 886 hac
1581 815 1708 888 militia
1716 812 1793 885 Deo
1808 815 1957 896 servire,
1985 827 2021 886 et
2035 814 2103 884 ali-

65 925 154 993 iudc
168 915 256 988 haec
280 917 478 987 communis
494 917 566 987 vita
592 939 654 986 seu
673 917 836 986 fortunae
852 917 1059 986 inconstan-
1110 930 1243 1010 quanto
1261 925 1339 1007 post
1353 930 1522 988 venturos
1536 939 1609 988 esse
1626 917 1666 986 in
1682 930 1842 1010 portum,
1866 916 1930 987 ubi
1944 915 2027 988 laeti
2042 939 2102 986 ac·

67 1026 118 1096 tia
140 1015 300 1092 attrahit.
355 1016 437 1088 Non
458 1018 553 1087 enim
570 1020 614 1086 de
639 1013 754 1088 nihilo
769 1019 904 1088 dictum
921 1030 972 1087 est
988 1008 1059 1112 φό-
1110 1018 1346 1110 quiescemus,
1377 1018 1544 1101 'simodo
1578 1019 1774 1091 adferemus
1794 1031 1908 1090 rectae
1933 1018 2101 1088 volunta·
2206 1023 2211 1034 ’

73 1125 147 1218 βου
159 1118 201 1194 τὸ
215 1125 346 1219 γῆρας,
372 1116 417 1190 οὐ
431 1113 506 1217 γὰρ
521 1116 664 1214 ἔρχεται
675 1112 806 1212 μόνον.
859 1119 981 1208 Quid?
1000 1117 1058 1187 ni-
1110 1119 1156 1188 tis
1170 1119 1441 1200 conscientiam,
1467 1145 1557 1212 quae
1576 1134 1715 1192 tantum
1729 1121 1866 1190 bonum
1889 1131 1957 1199 est,
1978 1115 2101 1190 utCe-
2191 1131 2199 1142 '

76 1223 175 1296 hilne
193 1235 337 1293 movent
356 1243 460 1290 sauos
482 1243 702 1290 summorum
726 1219 1059 1311 et‘sapientissimo-
1109 1215 1365 1311 phalusetiam
1395 1221 1539 1311 ignarus
1567 1223 1725 1293 coelestis
1747 1219 1949 1306 doctrinae,
1981 1233 2100 1291 tamen

73 1351 153 1398 rum
174 1347 297 1393 senum
318 1323 390 1393 fata
413 1336 447 1394 et
468 1321 656 1392 interitus?
705 1319 888 1406 Herculis,
913 1317 1059 1412 Oedipi,
1110 1325 1204 1414 apud
1227 1321 1409 1392 Platonem
1433 1323 1542 1394 dicat:
1591 1327 1646 1418 τῷ
1668 1317 1709 1397 δὲ
1732 1315 1851 1416 μηδὲν
1873 1317 1995 1416 ἑαυτῷ
2019 1315 2102 1391 ἄδι·

68 1425 222 1510 Priami,
253 1419 551 1514 Agamemnonis,
584 1421 689 1518 Cyri,
713 1421 854 1507 Niciae,
875 1419 1057 1506 Demadis,
1109 1447 1178 1494 κον
1189 1416 1370 1506 §verdier
1384 1419 1491 1518 ἡδεῖα
1504 1418 1601 1504 ἐλπὶς
1617 1422 1675 1498 aiei
1687 1417 1860 1522 πάρεστι,
1887 1417 1951 1496 καὶ
1970 1415 2100 1522 ἀγαθὴ

64 1521 338 1608 Demosthenis,
365 1520 499 1609 Crassi,
526 1521 710 1616 Pompeii,
742 1521 918 1610 Caesaris,
948 1519 1056 1594 Cato·
1111 1518 1356 1622 γηροτρόφος.
1988 1603 1992 1609 ,
2080 1514 2084 1526 '

63 1632 140 1710 nis,
169 1625 353 1698 Ciceronis
373 1639 408 1694 et
432 1625 583 1709 aliorum
608 1625 942 1709 innumerabilium,
966 1648 1058 1718 quo·
1209 1623 1284 1694 Has
1299 1627 1503 1719 praecipuas
1520 1627 1776 1698 consolationes
1799 1651 1879 1698 cum
1896 1623 2099 1714 didicimus,

62 1755 148 1802 rum
172 1752 254 1798 com
276 1727 437 1796 videmus
459 1750 533 1796 non
550 1727 656 1796 modo
681 1740 855 1797 senectam
867 1725 973 1795 fuisse
989 1725 1057 1794 mi·
1108 1740 1184 1796 tum
1206 1751 1291 1796 vero
1317 1741 1352 1798 et
1375 1730 1472 1800 iuvat
1495 1742 1530 1800 et
1549 1732 1707 1821 prodest,
1730 1731 1859 1801 addere
1874 1725 2101 1816 suauissimos
2117 1727 2132 1742 ‘

64 1855 203 1913 seram,
242 1830 302 1898 sed
332 1830 405 1898 fere
436 1840 547 1898 totam
569 1827 679 1898 vitam
702 1828 741 1895 in
765 1827 971 1919 perniciosis
996 1840 1058 1898 aut
1109 1827 1189 1897 illos
1206 1815 1392 1898 Ciceronis
1408 1853 1597 1904 sermones.
1649 1827 1699 1902 Ut
1716 1831 1810 1900 enim
1833 1828 2004 1900 arescenti
2020 1850 2100 1898 cor·

64 1945 162 2004 certe
189 1929 379 2000 inutilibus
411 1929 699 1999 contentionibus
724 1941 942 2000 consumtam
973 1951 1057 2013 esse,
1108 1927 1188 2019 pori
1211 1930 1323 1999 victus
1345 1924 1530 2001 humidior
1551 1956 1591 2002 ac
1615 1932 1755 2002 dulcior
1775 1931 1960 2014 conducit,
1985 1929 2034 2000 ite
2059 1927 2100 2002 iu

62 2031 216 2105 humani
240 2031 376 2121 generis
398 2029 675 2100 imbecillitatem
691 2054 764 2100 non
781 2053 966 2121 possumus
982 2053 1058 2112 non
1107 2025 1165 2098 his
1187 2031 1374 2100 senectutis
1398 2034 1492 2101 curis
1521 2046 1556 2101 et
1584 2033 1873 2104 contentionibus
1897 2031 2100 2100 animorum

62 2135 265 2228 deplorare.
322 2129 395 2202 Nec
425 2132 583 2222 profecto
612 2154 713 2200 mens
743 2131 866 2222 ignara
896 2131 1057 2204 coelestis
1108 2131 1282 2201 moestitia
1306 2132 1474 2202 diluenda
1498 2143 1567 2218 est,
1589 2146 1623 2202 et
1646 2134 1814 2224 asperitas
1836 2131 2032 2220 mitiganda
2047 2131 2102 2199 le·

62 2236 252 2308 doctrinae
273 2256 313 2302 ac
328 2245 496 2325 reputans
510 2233 792 2323 magnitudinem
807 2255 1056 2310 aerumnarum
1107 2231 1285 2301 ctionibus
1303 2232 1539 2302 suavioribus.
1589 2229 1688 2304 Mihi
1704 2235 1847 2328 quidem
1871 2219 2122 2322 magnaevo'

63 2341 170 2412 aliter
184 2334 314 2405 sentire
331 2346 456 2426 potest,
476 2358 582 2428 quam
599 2329 799 2404 utSilenus
814 2346 934 2425 captus
951 2332 1056 2403 dixit:
1107 2333 1236 2424 luptati
1250 2333 1319 2404 fuit
1331 2329 1417 2403 haec
1431 2331 1578 2404 Catonis
1594 2334 1882 2405 commemoratio
1898 2335 2046 2419 relecta,
2060 2331 2101 2406 in

62 2437 273 2512 hominibus
289 2437 391 2525 longe
408 2436 581 2526 optimum
596 2459 669 2506 esse
689 2459 764 2506 non
779 2434 897 2519 nasci,
930 2457 1056 2505 secun·
1107 2458 1177 2526 qua
1199 2447 1251 2504 tot
1273 2457 1419 2525 magnos
1441 2434 1536 2504 viros
1558 2450 1734 2519 recenset,
1765 2459 1918 2528 quorum
1941 2429 2100 2526 exempla

65 2547 154 2614 dum
173 2561 257 2608 vero
281 2551 382 2606 natos
405 2537 473 2606 cito
497 2535 621 2610 emori.
672 2535 770 2626 Quid
787 2535 977 2628 igiturilla
1000 2557 1055 2604 se·
1107 2548 1270 2619 monent,
1296 2550 1466 2628 quantum
1485 2537 1524 2607 in
1538 2535 1813 2618 omnibusritae
1830 2536 2000 2627 partibus,
2026 2557 2101 2620 seu,
2194 2570 2197 2576 ·

64 2641 218 2714 nectutis
233 2630 451 2732 θελκτήρια,
476 2661 567 2732 quae
583 2635 672 2708 Cato
689 2650 856 2722 recenset,
881 2649 1054 2732 quantum
1106 2649 1146 2706 ut
1168 2636 1215 2705 ita
1238 2637 1371 2722 dicam,
1391 2637 1512 2728 spatiis
1535 2639 1731 2707 moderatio
1754 2636 1866 2708 animi
1883 2633 2099 2728 praesidium

65 2741 214 2816 iuvant?
265 2737 347 2812 Alia
363 2739 469 2810 nobis
483 2739 675 2809 efficaciore
695 2739 872 2810 medicina
887 2759 976 2830 opus
991 2749 1056 2822 est,
1106 2737 1163 2811 sit.
1214 2736 1397 2808 Praeclare
1412 2751 1674 2810 consenuerunt
1687 2737 1837 2824 Fabius,
1853 2733 2099 2829 Scipio,Lae-

70 2869 171 2940 quam
187 2842 298 2915 tradit
311 2841 471 2911 coelestis
485 2841 663 2927 doctrina,
688 2864 768 2910 cum
790 2863 912 2912 causas
929 2839 1073 2918 mortis,
1106 2839 1176 2912 lius
1198 2852 1233 2909 et
1256 2838 1318 2910 alii
1341 2840 1464 2926 multi,
1489 2864 1643 2934 quorum
1664 2835 1723 2912 hic
1740 2839 1778 2911 fit
1798 2825 1947 2914 mentio.
1997 2835 2098 2928 Quid

75 2961 107 3017 et
122 2965 367 3016 aemmnarum
388 2956 589 3014 nostrarum
612 2941 794 3034 patefacit,
817 2957 852 3013 et
873 2939 978 3013 certis
1002 2955 1055 3020 te-
1107 2941 1201 3013 enim
1217 2935 1273 3010 his
1297 2940 1365 3020 fuit
1384 2941 1645 3026 moderatiusi,
1677 2939 1849 3028 Econtra
1865 2939 2099 3023 immoderata

69 3047 240 3118 stimoniis
250 3045 343 3113 viam
355 3045 399 3118 ad
412 3045 518 3114 aliam
533 3043 816 3137 tranquilliorem
825 3043 934 3117 vitam
946 3067 1056 3120 mon·
1107 3055 1307 3134 appetentes
1324 3043 1463 3133 tragicis
1482 3045 1621 3122 casibus
1638 3044 1799 3144 oppressi
1815 3057 1918 3128 sum,
1943 3037 2098 3112 utCras-

66 3163 161 3222 strat.
212 3147 295 3217 Non
313 3167 395 3216 casu
417 3169 458 3216 ex
474 3137 632 3239 Pyrrhae
655 3147 769 3226 saris,
796 3155 845 3218 ut'
866 3145 906 3214 in
923 3145 1054 3224 fabulis
1106 3167 1184 3228 sus,
1208 3142 1418 3234 Pompeius,
1437 3139 1634 3232 Antonius,
1662 3159 1696 3216 et
1711 3146 1771 3214 alii
1788 3145 1905 3216 multi.
1955 3141 2097 3225 Horum

64 3253 212 3333 dicitur,
236 3247 311 3318 nati
331 3268 469 3330 sumus,
495 3248 555 3316 sed
571 3247 659 3317 deus
681 3271 746 3317 suo
764 3246 913 3318 consilio
928 3245 1054 3326 condi·
1105 3245 1345 3336 exemplorum
1361 3247 1515 3334 cognitio
1527 3259 1565 3316 et
1581 3237 1817 3317 consideratio
1833 3245 1938 3326 etiam
1954 3243 2097 3312 iuveni·

63 3355 118 3425 dit
139 3371 251 3442 genus
274 3343 491 3432 humanum,
515 3360 556 3418 ut
577 3361 788 3438 agnoscatur
810 3362 844 3418 et
856 3347 1055 3418 celebretur
1106 3347 1172 3414 bns
1193 3348 1348 3436 prodest.
1399 3345 1560 3416 lacienda
1585 3347 1680 3416 enim
1702 3361 1785 3432 sunt
1808 3341 2024 3437 tranquillae
2040 3367 2097 3413 se-

62 3457 153 3550 ipse.
203 3447 284 3520 Non
298 3462 392 3520 recte
409 3447 518 3537 igitur
535 3443 686 3520 Silenus
701 3450 770 3531 ait,
794 3448 969 3542 optimum
985 3441 1054 3516 ho-
1104 3460 1225 3516 nectae
1254 3447 1484 3516 fundamenta
1519 3448 1603 3516 inde
1636 3471 1748 3540 usque
1778 3447 1825 3517 ab
1850 3443 2097 3516 adolescentia.

60 3553 228 3627 minibus
248 3551 349 3621 fuisse
372 3574 446 3620 non
470 3548 576 3622 nasci.
625 3547 674 3622 Et
690 3573 893 3646 quanquam
908 3548 1053 3622 calami·
1106 3546 1225 3636 Quare
1246 3549 1410 3638 prodest,
1444 3543 1540 3628 hunc
1556 3538 1743 3618 Ciceronis
1764 3547 1926 3632 libellum
1947 3545 2036 3636 legi,
2062 3557 2097 3616 et

61 3670 155 3731 tates
182 3652 284 3720 nobis
303 3665 422 3722 nostra
439 3651 541 3742 culpa
562 3654 828 3733 accersivimus,
854 3666 972 3728 tamen
987 3674 1052 3725 au·
1104 3663 1206 3719 tuum
1232 3649 1421 3718 consilium
1453 3673 1493 3720 ae
1515 3653 1691 3738 studium,
1722 3643 1916 3729 Ambrosi,
1947 3667 2096 3736 magno·

61 3759 189 3830 silium
213 3751 310 3824 Deus
329 3753 434 3824 nobis
462 3751 668 3844 pollicetur,
705 3779 770 3825 nec
795 3751 954 3843 extingui
975 3752 1053 3821 vult
1105 3774 1188 3842 pere
1201 3751 1325 3842 probo.
1378 3749 1617 3834 Utilissimum
1637 3767 1687 3825 est
1710 3754 1825 3836 enim,
1846 3751 1934 3824 tales
1955 3748 2097 3818 libellos
2153 3793 2161 3800 -

62 3857 250 3930 hominnm
268 3867 442 3924 naturam.
495 3853 593 3937 Vult,
619 3877 691 3924 esse
706 3869 824 3927 coetus
841 3855 992 3948 aliquos,
1012 3853 1052 3922 in
1104 3849 1329 3922 inmanibus
1352 3855 1592 3925 studiosorum
1621 3855 1761 3924 assidue
1789 3853 1934 3944 gestari,
1964 3851 2096 3940 legiae

63 3961 191 4056 quibus
208 3959 252 4026 de
267 3953 336 4026 Dei
352 3954 533 4025 voluntate
547 3968 648 4026 sonet
663 3979 745 4026 vera
760 3954 933 4026 doctrina.
1103 3953 1230 4038 edisci,
1263 3955 1345 4047 quia
1380 3968 1414 4024 ct
1442 3956 1616 4048 loquendi
1641 3958 1815 4026 rationem
1841 3964 2039 4022 monstrant
2061 3961 2096 4021 et

164 4057 287 4152 ltaque
304 4069 448 4148 propter
469 4069 539 4125 tres
561 4079 682 4126 causas
702 4057 847 4150 aliquod
862 4055 955 4126 vitae
972 4075 1052 4144 spa·
1103 4053 1245 4124 virtutis
1265 4055 1462 4126 doctrinam
1486 4058 1641 4132 tradunt.
1699 4053 1747 4127 Et
1769 4079 1878 4146 genus
1899 4051 2095 4122 enarratio-

61 4163 152 4236 tium
169 4160 366 4252 optandum
390 4168 462 4238 est,
484 4157 665 4242 videlicet,
693 4169 733 4226 ut
748 4156 946 4229 doctrinam
968 4177 1052 4245 per·
1104 4156 1179 4238 nis,
1204 4155 1299 4247 quod
1323 4157 1367 4224 de
1387 4157 1566 4226 dialectica
1590 4159 1752 4228 rudiores
1772 4159 1960 4240 admonet,
1991 4153 2095 4222 adiu·

60 4264 254 4356 cipiamus,
280 4281 350 4354 qua
368 4281 442 4328 sese
466 4256 562 4328 Deus
582 4257 767 4349 patefecit,
799 4272 834 4330 et
856 4281 924 4351 qua
945 4254 1051 4326 nobis
1102 4271 1251 4338 vateos,
1276 4271 1316 4327 ut
1331 4258 1524 4327 sententias
1539 4259 1666 4329 ordine
1681 4259 1781 4351 quasi
1801 4258 1990 4350 explicatas
2011 4280 2095 4346 pro·

56 4363 297 4440 dulcissimam
311 4359 602 4430 consuetudinem
616 4383 715 4430 suam
730 4359 923 4451 promittit;
946 4355 1050 4426 dein·
1102 4357 1183 4448 pios
1204 4357 1384 4448 adspicere
1409 4359 1564 4448 possint,
1590 4374 1624 4431 et
1651 4361 1793 4445 videre,
1820 4381 1911 4453 quae
1934 4358 2094 4427 membra

53 4473 122 4550 de,
146 4479 187 4536 ut
201 4460 432 4534 diuturnitate
451 4461 620 4553 temporis
642 4463 869 4532 confirmetur
889 4459 928 4528 in
944 4457 1049 4530 nobis
1102 4457 1347 4547 coniungenda
1372 4459 1462 4540 sint,
1488 4483 1579 4557 qnae
1604 4458 1842 4539 distrahenda.
1893 4457 2015 4550 anue
2036 4456 2094 4523 di·

53 4569 125 4642 Dei
152 4563 305 4656 agnitio;
338 4576 516 4652 postremo
539 4575 579 4636 ut
598 4563 678 4633 aliis
702 4563 901 4634 doctrinam
917 4559 1049 4650 imper·
1100 4559 1245 4647 figentia
1271 4561 1384 4629 adfert
1413 4555 1504 4630 hane
1537 4563 1799 4647 dexteritatem,
1831 4575 1872 4630 nt
1893 4557 2035 4650 propria
2058 4570 2092 4626 et

54 4666 307 4760 tiamus‚qnod
322 4664 408 4734 dum
424 4663 572 4734 facimus
586 4687 712 4753 magna
727 4661 947 4756 suscipienda
964 4672 1048 4730 suut
1101 4659 1227 4729 melius
1242 4654 1465 4732 cohaerentia
1483 4662 1551 4753 ipsi
1568 4665 1761 4758 aliquando
1776 4661 1843 4731 scri
1848 4661 1928 4728 bere
1946 4655 2093 4748 possint·

52 4769 271 4852 certamina,
295 4765 407 4836 multa
429 4765 517 4836 dura
536 4765 693 4840 ferenda.
744 4763 891 4836 luserim
918 4775 951 4834 et
967 4761 1047 4832 aliis
1100 4758 1301 4830 benevale.
1350 4759 1405 4832 Er
1423 4761 1629 4856 Viteherga,
1658 4765 1715 4838 16.
1732 4763 1878 4836 Calend.
1895 4757 2023 4854 Aprili.

53 4871 182 4946 officiis
200 4869 271 4946 vita
288 4865 485 4938 communis
500 4864 654 4936 iuvanda
669 4879 739 4946 est,
763 4889 854 4960 quae
875 4864 952 4936 sine
971 4887 1047 4932 ma-

53 4977 134 5066 gnis
159 4968 426 5044 difficultatibus
448 4969 616 5057 praestari
636 4991 711 5036 non
728 4979 887 5058 possunt.
938 4963 1045 5054 Quod

53 5079 167 5168 igitur
202 5069 324 5142 recitat
351 5061 583 5154 Athenaeus,
623 5061 827 5162 Gorgiam,
870 5088 1045 5156 egressum
1111 5123 1143 5195 N
1192 5123 1291 5198 2⁸3¹
1858 5127 1892 5192 Μ
1978 5131 1998 5190 h
2054 5125 2071 5172 β

53 5200 170 5252 annos
186 5184 347 5254 centum,
373 5168 641 5260 interrogatum,
666 5195 736 5264 qua
752 5182 828 5242 arte
848 5193 889 5238 ac
907 5168 1045 5240 ratione
1105 5151 1319 5258 „L”
1788 5127 2089 5260 ιω)

50 5282 164 5352 vitam
187 5273 227 5343 in
248 5295 326 5342 eam
345 5281 518 5342 senectam
538 5273 778 5364 produxisset,
811 5268 1045 5364 respondisse,
1533 5327 1542 5344 ,

50 5381 135 5478 quia
153 5370 248 5448 nihil
263 5371 408 5444 alterius
428 5393 528 5442 causa
546 5397 702 5468 unquam
721 5372 870 5448 fecisset.
919 5367 963 5441 ld
983 5384 1046 5442 ant
1217 5323 1255 5406 Ῑ·
1283 5321 1642 5462 Βῗῗιθῦἦηωᾶσο
1661 5321 1973 5432 (mmmm)

51 5507 128 5554 non
143 5479 280 5552 dictum
295 5496 368 5546 esse
383 5471 558 5560 existimo,
572 5486 634 5546 aut
647 5475 735 5546 falso
753 5473 900 5546 dictum·
932 5469 1060 5545 Multi.
1181 5494 1396 5570 prctmt,
1413 5499 1514 5570 „m
