4864 6244
383 295 459 374 785
963 293 1399 377 EPISTOLARUM
1455 299 1562 378 LIB.
1592 301 1657 382 llf.
1712 303 1847 387 1645.
2282 329 2326 400 lii

382 465 573 542 Iudicium
602 462 682 543 Pa.
714 459 774 537 M
778 464 831 540 el.
861 491 964 540 anno
989 465 1240 547 M.D.XLV.
1277 469 1406 569 [codg
1518 471 1644 570 Aliqui
1659 477 1923 551 dissimulantes
1938 483 2092 573 agnitam
2108 489 2263 578 veritatem,
2278 521 2327 566 ur·

384 568 512 648 Mehn.
536 595 630 643 anno
658 565 790 667 1548]
813 571 990 669 scriptum
1010 568 1053 643 de
1074 568 1155 656 his,
1180 573 1247 670 spui
1265 573 1377 644 vivere
1402 572 1405 636 l
1428 575 1572 648 firmant
1591 579 1774 650 saevitiam
1795 581 1947 672 Regum.
2002 585 2053 656 Hi
2075 589 2168 660 etiam
2186 597 2268 683 magis
2283 623 2327 688 pec

384 683 563 771 cogam,
600 672 695 743 inm
725 667 918 769 Papisius,
955 671 1081 772 [inser.
1118 680 1212 768 apud
1245 673 1377 777 Penei]
1428 693 1528 764 cant,
1571 706 1676 774 quam
1702 707 1776 752 non
1802 685 1977 775 fugientes
2003 689 2107 764 idola.
2166 691 2328 786 Propterba

383 777 519 852 Utrum
544 775 584 845 in
605 774 849 873 persecutione
875 775 982 846 liceat
1006 773 1244 848 dissimulare
1267 803 1376 849 suam
1427 805 1583 868 caussas,
1606 783 1822 854 tutissimum
1846 803 1934 858 esset
1951 789 2125 862 discedere
2145 818 2181 863 cx
2198 798 2327 878 lotis,uli

430 878 648 952 sententiam
670 874 713 948 de
735 875 976 974 Evangelio?
1004 875 1208 976 [inscriptio
1231 885 1325 973 apud
1427 883 1668 955 defenduntur
1684 887 1801 960 cultus
1820 888 2012 962 idolorum.

760 991 764 996 ’
784 981 980 1082 Riecium.]
1527 994 1605 1069 Sed
1618 996 1717 1070 dicat
1734 999 1896 1101 aliquis,
1923 1029 1997 1076 noa
2014 1033 2133 1080 omncs
2149 1032 2236 1107 posse
2253 1010 2280 1079 ia
2293 1035 2329 1078 an

380 1106 474 1192 Non
492 1119 641 1190 dubium
660 1133 722 1206 cst,
748 1145 869 1189 omnes
886 1133 1060 1192 creaturas
1075 1123 1264 1192 rationales
1283 1123 1375 1192 obli·
1427 1096 1505 1170 1⁰⁶⁰
1530 1124 1624 1187 ⁶⁸³⁶,
1651 1125 1713 1172 ”⁶⁶
1737 1128 1843 1200 ΡΜ
1863 1103 2042 1180 dimdm
2068 1111 2234 1207 ‘fflffdfm
2252 1137 2269 1180 α
2284 1115 2330 1192 ‘fh

381 1236 478 1314 galas
494 1245 567 1291 esse
583 1221 627 1290 ad
645 1222 799 1313 primum
813 1236 1050 1315 praeceptum,
1065 1239 1103 1294 ut
1117 1250 1240 1294 verum
1249 1218 1375 1311 Deum,
1426 1210 1492 1272 (ΗΛ
1508 1211 1661 1273 mamm
1677 1230 1702 1273 ⁰
1721 1203 1859 1284 ffblfl's·

381 1349 466 1394 vcro
482 1325 626 1408 timore,
649 1336 683 1391 ct
698 1349 780 1394 vcra
796 1324 864 1394 fide
885 1327 1022 1410 colant,
1049 1340 1084 1396 et
1101 1328 1239 1416 fugiant
1255 1329 1374 1397 omnia
1526 1319 1595 1390 Hic
1609 1327 1818 1414 respondeo.
1868 1325 1947 1410 †In
1967 1329 2133 1400 ecclesia”
2155 1329 2224 1402 Duo
2237 1342 2331 1416 suutp·

383 1428 479 1496 idola
501 1421 696 1510 †ethnica,
721 1425 884 1496 iudaica”
902 1424 1163 1514 nlahomettcs,
1188 1424 1373 1510 haeretica,
1424 1447 1529 1492 nera:
1556 1424 1619 1492 alii
1641 1441 1724 1496 suut
1746 1429 1855 1514 firmi,
1882 1427 1945 1498 alii
1969 1431 2112 1508 infirmi.
2160 1433 2220 1506 Sed
2239 1431 2333 1502 sii-elr-

382 1543 417 1600 et
441 1551 733 1620 quarumcunque
763 1543 935 1598 sectarum
966 1544 1148 1620 portenta,
1180 1532 1373 1624 pugnantia
1426 1549 1503 1595 mus
1524 1527 1782 1620 estquispiam,
1808 1531 1881 1600 sive
1897 1533 2077 1619 infirmus,
2101 1535 2179 1605 sciat
2197 1535 2332 1603 mandatum

381 1653 462 1702 cum
488 1632 596 1699 verbo
624 1628 709 1699 Dei:
736 1631 776 1699 in
800 1656 872 1723 quo
896 1653 932 1699 se
956 1657 1059 1701 verus
1084 1631 1179 1702 Deus
1201 1634 1374 1726 patefecit,
1425 1626 1494 1697 Dei
1508 1652 1594 1713 esse,
1616 1643 1654 1699 ut
1670 1631 1783 1719 fugiat
1796 1631 1902 1719 idola,
1929 1648 1963 1705 et
1979 1639 2140 1707 ostendat
2154 1637 2278 1730 aliquam
2289 1655 2332 1700 coa

380 1725 513 1804 Matth.
537 1729 571 1800 4.
596 1727 804 1801 Dominum
826 1727 951 1800 Deum
984 1741 1085 1803 luam
1111 1729 1310 1821 adorabis,
1343 1745 1373 1804 el
1425 1731 1624 1804 sessionem.
1675 1729 1723 1803 Et
1752 1758 1833 1803 cum
1860 1736 1949 1806 alius
1979 1738 2049 1806 alio
2081 1739 2205 1808 firmior
2223 1739 2270 1820 sit,
2287 1733 2332 1801 aliu

382 1829 447 1903 illi
461 1829 537 1902 soli
550 1829 692 1902 servies.
743 1833 816 1903 Nec
839 1847 974 1905 tantum
998 1837 1147 1906 interior
1170 1839 1286 1906 cultus
1311 1861 1375 1908 nc·
1426 1833 1684 1902 confessionem
1707 1837 1833 1924 magis,
1856 1838 1946 1908 alius
1967 1840 2088 1910 minus
2110 1842 2259 1911 illustrem
2270 1849 2333 1904 oster

338 1929 345 1940 ’
381 1935 552 2006 cassarius
578 1949 650 2019 est,
675 1937 736 2004 scd
761 1936 866 2004 etiam
894 1951 1036 2006 externa
1061 1939 1287 2026 significatio,
1313 1963 1374 2008 seu
1426 1936 1495 2005 det.
1549 1929 1726 2004 lohannes
1743 1935 1936 2028 Apostolus
1961 1941 2100 2012 firmior
2116 1959 2183 2014 erat
2198 1941 2331 2010 Nicodenc

303 2073 310 2081 ·
383 2038 556 2107 confessio
581 2061 640 2106 seu
667 2039 854 2127 professio,
881 2036 983 2112 Matr.
1005 2041 1062 2112 10.
1087 2034 1167 2136 Qui
1189 2038 1374 2132 negaverit
1426 2059 1629 2129 ‹pranquam
1653 2051 1800 2131 uterque
1822 2056 1895 2112 erat
1917 2042 2117 2132 imbecillis.
2164 2043 2219 2113 Pia
2238 2039 2355 2109 materis¹

383 2163 439 2208 me
462 2161 584 2208 coram
601 2131 834 2224 hominibus,
861 2139 1003 2233 negabo
1026 2163 1103 2210 eum
1127 2165 1248 2211 coram
1270 2151 1375 2238 patre
1424 2139 1552 2226 miliae,
1578 2135 1686 2210 habet
1702 2163 1858 2211 caussam
1875 2167 1949 2213 uon
1965 2146 2068 2215 facile
2085 2144 2331 2216 discedendiana

384 2238 536 2314 coelesti.
588 2239 700 2332 Negat
715 2255 850 2320 atatem,
878 2244 940 2334 qui
956 2267 1140 2337 nunquam
1157 2260 1275 2336 aperte
1289 2269 1376 2315 con·
1426 2241 1496 2310 rito
1512 2255 1547 2310 et
1562 2265 1581 2310 a
1597 2243 1736 2312 liberis:
1763 2247 1821 2314 scd
1840 2260 1957 2316 tamen
1972 2251 2135 2319 ostendat
2149 2245 2333 2318 confession

382 2345 520 2429 fitetur,
544 2343 617 2412 imo
645 2343 750 2414 etiam
774 2359 971 2434 perseverat
991 2346 1030 2414 in
1055 2347 1266 2416 testimoniis
1290 2353 1376 2417 co'n-
1428 2355 1461 2411 et
1483 2343 1595 2432 fugiat
1618 2344 1734 2430 idola,
1763 2369 1871 2440 eaque
1897 2349 1936 2418 in
1957 2374 1997 2419 re
2017 2351 2193 2441 proficiat,
2215 2319 2355 2432 astrepit*

382 2447 502 2517 trariis
518 2469 621 2514 verae
637 2446 873 2528 invocationi,
900 2448 986 2537 legit
1007 2449 1147 2529 missas,
1175 2461 1236 2518 aut
1252 2451 1376 2520 adorat
1425 2444 1576 2530 sentiat,
1608 2469 1682 2514 non
1708 2450 1848 2516 accedat
1870 2451 1914 2518 ad
1939 2451 2083 2540 missas,
2109 2453 2196 2524 absit
2215 2473 2231 2519 a
2251 2441 2334 2539 pumpil

379 2571 527 2640 panem,
549 2559 611 2618 aut
631 2562 774 2622 statuas.
1426 2548 1611 2641 inquibus
1629 2547 1916 2640 circumgestatur
1930 2553 2044 2643 panis.

484 2679 589 2770 Quod
621 2681 718 2750 enim
741 2683 887 2776 quidam
910 2683 1052 2770 dicunt,
1082 2708 1214 2754 senon
1238 2709 1376 2774 negare,
1527 2677 1708 2751 Hactenus
1723 2681 1798 2751 dixi
1814 2686 1857 2753 de
1873 2687 1978 2757 nehus
2001 2689 2213 2760 necessariis.
2248 2669 2332 2766 saepti

380 2787 441 2856 sed
475 2784 710 2873 interrogatos
739 2785 895 2853 dicturos
923 2809 1013 2870 esse,
1046 2789 1141 2880 qnod
1152 2783 1177 2884 ¹)
1210 2789 1375 2872 sentiant,
1426 2795 1543 2852 autem
1576 2781 1735 2853 Ecclesia
1770 2779 1897 2857 habuit
1918 2790 2063 2886 ‚aliquas
2100 2788 2295 2862 confusione,
2316 2786 2335 2840 ¹¹¹

380 2911 447 2956 nec
469 2908 559 2976 opus
581 2909 652 2954 esse
670 2885 745 2952 sine
763 2885 947 2955 vocatione
971 2887 1167 2978 periculum
1183 2913 1373 2958 accersere:
1425 2883 1710 2979 Hierosolymam,
1744 2899 1901 2980 tempore
1922 2887 2134 2982 Zachariae,
2163 2891 2282 2960 mullum
2299 2891 2332 2945 eut

380 2985 460 3059 Etsi
491 2983 578 3057 haec
613 3010 696 3056 vera
725 3001 824 3073 sunt,
867 3001 985 3058 lamen
1019 2991 1153 3062 interea
1186 3015 1260 3060 non
1293 3005 1375 3062 sunt
1426 2987 1635 3056 vitiosorum
1659 2989 1837 3071 cultuum,
1872 3005 1906 3064 et
1926 3018 2118 3084 pravarum
2148 2977 2333 3088 opinionuniss

382 3089 556 3161 contraria
589 3088 751 3158 facienda
773 3113 876 3158 verae
901 3091 1134 3164 invocationi:
1169 3091 1218 3164 Ut
1242 3094 1270 3162 si
1295 3095 1375 3188 quis
1426 3089 1574 3179 templo:
1609 3102 1783 3160 ettamen
1810 3117 1851 3162 eo
1877 3119 1959 3164 vera
1982 3091 2143 3167 Ecclesia
2163 3097 2334 3186 etiamtunc

380 3193 540 3285 captivus
563 3215 604 3259 ex
624 3186 858 3276 Christianis,
883 3193 1008 3262 vivens
1033 3196 1126 3264 inter
1144 3194 1297 3281 Turcas,
1322 3211 1375 3265 ta·
1425 3191 1564 3269 niebat,
1598 3205 1639 3262 ut
1666 3189 1877 3280 Zacharias,
1910 3193 2122 3286 Elisabeth,
2158 3197 2263 3267 Maria
2296 3177 2333 3250 iti

380 3297 470 3366 citus
496 3295 591 3386 apud
620 3315 694 3362 sese
719 3289 903 3363 Christum
931 3296 1132 3381 invocaret,
1166 3323 1230 3366 nec
1254 3315 1386 3368 tamen
1425 3305 1602 3385 tempore,
1624 3288 1664 3361 hi
1678 3295 1740 3386 qui
1756 3310 1838 3367 sunt
1855 3297 1895 3364 in
1917 3299 1989 3368 suis
2004 3297 2192 3383 Ecclesiis,
2215 3283 2333 3386 apertur

380 3411 522 3468 externa
552 3395 771 3486 professione
795 3419 892 3464 suam
917 3398 1021 3466 fidem
1054 3401 1268 3484 ostenderet,
1301 3400 1373 3469 imo
1425 3396 1578 3485 probent
1601 3419 1759 3482 errores,
1783 3411 1824 3468 ut
1843 3399 1925 3470 fecit
1941 3397 2154 3472 Zacharias:
2180 3399 2332 3492 Ritusatt

381 3499 487 3569 etiam
507 3499 691 3566 interesset
709 3497 870 3566 Turcicis
889 3500 1015 3568 sacris:
1042 3496 1138 3569 hand
1163 3503 1270 3570 dubie
1286 3523 1374 3570 reus
1425 3499 1556 3581 bonos,
1588 3511 1650 3567 aut
1673 3494 1886 3591 adiaphoros
1896 3499 1927 3598 ³)
1948 3527 2091 3573 servare
2116 3511 2259 3598 possunt.
2292 3483 2325 3550 ld

381 3613 471 3670 esset
502 3613 664 3668 aeternae
694 3599 766 3667 irae
788 3597 867 3672 Dei.
919 3599 991 3670 Sed
1023 3603 1227 3695 ubicunque
1253 3625 1375 3672 sumus
1425 3599 1522 3689 pios,
1549 3597 1667 3670 firmos
1691 3614 1724 3671 ct
1746 3601 1923 3688 infirmos,
1949 3608 2115 3676 accedere
2139 3609 2183 3676 ad
2203 3596 2330 3700 baptisti!

381 3703 455 3771 sive
470 3699 564 3771 inter
584 3699 738 3784 ancas,
764 3701 837 3770 sive
854 3700 946 3771 inter
961 3698 1166 3784 haereticos,
1193 3704 1266 3773 sive
1282 3706 1375 3774 inter
1425 3701 1616 3786 infantum,
1641 3703 1679 3769 in
1696 3702 1768 3772 suis
1782 3701 1960 3790 Ecclesiis,
1987 3709 2195 3802 ubicunque
2209 3713 2278 3774 sunt·
2298 3697 2331 3758 Μ’

380 3829 463 3874 vere
492 3804 590 3894 pios,
623 3803 804 3871 interdum
836 3803 954 3896 aliqua
980 3807 1153 3876 confessio
1180 3807 1374 3876 necessaria
1425 3827 1509 3872 vare
1533 3803 1638 3872 etiam
1661 3819 1809 3895 possunt
1824 3805 1913 3877 ritus
1927 3806 2163 3900 adiaphoros,
2189 3821 2226 3876 nt
2243 3805 2326 3897 interut

382 3921 450 3977 est:
478 3919 512 3976 et
527 3917 619 3976 certe
637 3905 812 3974 contraria
838 3929 941 3976 verae
958 3907 1175 3978 invocationi
1192 3931 1267 3978 non
1291 3923 1375 3979 sunt
1426 3905 1569 3974 lectio'ni
1580 3903 1801 3975 Psalmorum
1817 3909 1855 3975 in
1872 3913 2083 4002 vespertinis
2098 3913 2261 4006 precibus,
2275 3894 2321 4006 tif*

380 4009 553 4082 facienda.
1425 4001 1583 4075 honestis
1605 4009 1867 4096 congressibus,
1893 4012 1956 4080 etsi
1979 4013 2119 4106 aliquid
2144 4012 2216 4082 vitii
2234 4004 2323 4094 aliqtll¹

484 4141 523 4214 Si
540 4141 619 4235 quis
636 4140 744 4229 igitur
759 4153 811 4210 est
826 4139 1058 4226 sacrificulus,
1084 4158 1144 4214 aut
1166 4144 1375 4236 monachus,
1426 4109 1619 4225 mixtum
1637 4124 1704 4192 ‘ss’
1731 4111 1812 4226 9⁰5³
1827 4111 1866 4179 3¹¹
1883 4136 1924 4182 ⁰⁰
1942 4129 2048 4232 ‚⁰⁰0¹ss
2069 4099 2331 4264 ⁵¹J¹¹¹O³dh¹¹⁶¹²ffi

382 4260 418 4316 et
433 4243 571 4334 cogitur
586 4243 709 4311 missas
733 4244 928 4328 celebrare,
953 4257 993 4312 ut
1012 4260 1158 4332 vocant,
1185 4250 1215 4317 si
1239 4251 1375 4322 intelli·
1425 4209 1545 4327 elfflff’
1578 4224 1613 4279 Εἰ
1634 4225 1761 4330 ⁵⁰¹¹⁰t¹3
1788 4225 1828 4281 ¹¹²
1852 4237 1982 4334 Ruene·
2004 4227 2038 4286 ‘t
2057 4217 2174 4311 all‘1¹¹¹
2196 4209 2283 4284 fldulu
2309 4233 2333 4360 bf!

382 4348 432 4438 git
455 4370 491 4417 se
515 4344 624 4436 impie
647 4346 778 4429 facere,
805 4345 942 4416 omittat
959 4370 1016 4414 eas
1040 4346 1181 4435 missas,
1207 4375 1271 4422 nec
1295 4369 1374 4444 agat
1424 4326 1633 4430 ⁵⁰¹¹¹J²¹Jt⁰⁸’
1658 4315 1718 4382 sed
1743 4315 1896 4433 ¹¹¹fif¹¹ff¹⁵
1922 4341 1983 4410 ‘1¹1¹
2006 4331 2131 4438 famei}
2155 4330 2233 4388 ⁵¹¹¹¹f
2251 4321 2334 4377 mim*

381 4463 505 4522 contra
523 4446 789 4518 conscientiam:
809 4444 882 4514 Nec
898 4459 1013 4536 potest
1027 4449 1182 4520 inveniri
1197 4457 1372 4526 excusatio
1424 4409 1558 4484 chmsu
1572 4431 1605 4486 et
1620 4429 1704 4484 ⁸⁰⁰²
1719 4417 1889 4508 P³¹¹¹³i¹¹¹¹
1908 4414 2143 4512 P‘0V0h0ffli1·
2320 4527 2322 4536 Ι

380 4553 454 4622 ulla
475 4549 554 4642 pia,
581 4573 643 4619 cur
665 4547 767 4620 liceat
792 4549 944 4617 retinere
968 4571 1045 4617 eam
1070 4557 1372 4631 consuetudinem,
1522 4541 1600 4614 Sed
1612 4540 1711 4616 dicat
1729 4544 1888 4646 aliquis,
1914 4549 1952 4620 si
1970 4575 2044 4621 aon
2069 4535 2338 4623 accedamodttf‘

380 4653 479 4726 Idem
496 4651 575 4723 dico
592 4653 636 4720 de
649 4651 769 4734 laicis,
792 4663 831 4719 ut
848 4673 936 4742 quae
951 4665 1087 4722 norunt
1100 4678 1182 4724 vere
1206 4681 1278 4726 esse
1294 4660 1373 4730 ido·
1421 4669 1503 4732 εἴτε,
1528 4642 1584 4715 ad
1599 4671 1756 4746 pompas
1771 4647 1961 4748 publicas,
1986 4676 2066 4722 cum
2088 4663 2250 4750 gestatur
2265 4637 2339 4710 Sane

379 4757 498 4825 lorum
517 4755 651 4838 cultus,
677 4753 831 4842 fugiant,
857 4752 951 4854 iuxta
968 4751 1075 4822 illud:
1102 4749 1240 4850 Fugite
1257 4753 1373 4837 idola,
1421 4756 1600 4829 mentum,
1629 4749 1761 4847 rapiar
1774 4747 1829 4822 nd
1839 4750 2091 4852 supplicium?
2352 4751 2353 4846 l

380 4855 473 4930 Sunt
498 4870 613 4924 autem
629 4853 808 4922 manifesti
825 4852 939 4922 cultus
960 4853 1159 4942 idolorum,
1194 4857 1372 4934 invocatio

380 4972 593 5041 sanctorum,
615 4955 678 5049 qui
693 4979 734 5024 ex
750 4949 816 5024 hac
832 4953 904 5024 vita
921 4955 1171 5028 discesserunt:
1195 4961 1373 5035 invocatio

380 5063 426 5132 ad
441 5075 551 5132 certas
566 5069 715 5142 statuas,
741 5055 897 5128 adoratio
920 5057 1022 5150 panis
1044 5059 1084 5128 in
1106 5059 1224 5154 impiis
1249 5065 1374 5154 missis,

381 5177 416 5235 et
428 5163 468 5232 in
486 5157 821 5249 circumgestatione.
1426 5191 1639 5205 -----

1457 5309 1487 5376 2)
1506 5307 1577 5364 cot.
1594 5308 1689 5364 Melan.
1709 5310 1838 5378 Semper.

740 5417 744 5422 ·
1457 5394 1486 5463 Β)
1504 5395 1581 5451 llice.
1599 5390 1782 5466 ἀδιαφόρους.
2077 5444 2084 5450 .

414 5472 443 5541 1)
463 5469 542 5529 llice·
560 5471 637 5542 quid.
1337 5531 1340 5540 ,
1452 5484 1487 5550 ,4)
1506 5481 1582 5538 llice.
1604 5491 1631 5536 ct
1648 5481 1713 5538 cod.
1731 5481 1826 5538 Melan.
1841 5483 1908 5552 fieri
1924 5485 2033 5538 debent.

1521 4881 1632 4957 Adia
1650 4890 1861 4981 respondeo:
1887 4889 2077 4982 Regulam,
2108 4915 2197 4986 quae
2212 4859 2340 4959 docetqup

1422 4988 1749 5086 solaciandum),
1775 5005 1896 5064 notam
1925 5015 2016 5075 esse,
2042 4995 2106 5064 sed
2129 4991 2222 5063 aliud
2241 4975 2341 5058 esraa
