4842 6256
71 333 153 408 eos
602 365 607 370 -
653 281 1117 414 samosetanum
1148 339 1259 414 nus
1292 305 1365 421 1x.¹
1412 340 1545 420 1644.
2047 355 2125 434 sss

70 497 306 578 Clarissimo
343 503 421 574 siro
459 503 608 600 egregio
642 500 847 577 eruditione
881 514 914 578 et
949 505 1078 582 virtute
1228 512 1446 586 Litterarum
1468 517 1693 603 fasciculum,
1738 523 1802 614 qui
1829 525 2025 598 mittendus
2054 529 2122 599 fuit

70 603 248 704 praedito
276 600 306 676 I
310 599 523 676 oachimo
547 597 823 680 Camerario
853 601 1081 706 Padargensi
1127 614 1164 683 in
1187 613 1391 698 prussiam,
1417 620 1553 690 tradidi
1577 611 1785 708 Pollentia,
1811 627 2029 700 adolescenti
2054 654 2121 700 no-

356 707 476 780 nms'co
500 733 570 782 sno
597 707 808 794 carissimo,
1126 718 1209 802 bili,
1234 719 1296 812 qui
1312 715 1405 790 Duri
1422 715 1611 795 exhibebit.
1647 717 1778 817 Accepi
1796 721 1853 797 hic
1869 742 1903 800 et
1917 727 2028 801 Ducis
2045 733 2121 822 epi-

74 821 119 912 S,
146 843 194 917 1),
248 839 327 914 Epi
342 865 418 914 110„
435 869 580 938 prorsus
595 847 766 938 liberatus
783 869 861 918 sum
879 858 977 917 metu
993 869 1077 938 pm,
1125 821 1270 904 stolam,
1311 821 1350 888 in
1371 845 1440 914 qna
1471 825 1567 892 ultro
1592 826 1738 896 accersit
1760 823 1964 900 Sabinum:
2017 831 2120 904 Hanc

74 945 243 1018 iectionis
266 947 311 1016 ad
336 962 552 1020 conventum
566 944 611 1044 ¹),
636 961 754 1019 tamen
776 949 858 1020 aula
881 943 971 1018 mihi
994 948 1077 1020 satis
1124 922 1243 1040 ”filim
1271 917 1417 1041 sulm
1437 925 1542 1045 misi,
1599 921 1677 996 Etsi
1709 929 1812 999 d⁰l⁰⁰
1846 932 1987 1022 ¹⁰¹¹ssl¹¹⁵
2018 959 2119 1006 “¹¹¹⁰

78 1049 227 1120 comiter
251 1050 445 1140 promittit,
465 1051 542 1144 som
563 1065 605 1121 ut
628 1075 701 1120 non
719 1052 885 1124 abducar·
938 1047 1077 1120 Grave,
1123 1022 1253 1108 filraro,
1275 1049 1375 1096 curus
1397 1021 1489 1096 mrhr
1508 1041 1621 1098 virtus
1643 1053 1718 1097 non
1733 1053 1814 1100 raro
1831 1035 2047 1106 moesticiam
2066 1037 2118 1108 lc-

83 1175 218 1222 ,aussae
243 1165 585 1238 commemoramur,
626 1174 716 1246 qu„
745 1165 849 1238 sun„
888 1165 929 1223 u,
957 1164 1078 1222 noste,
1124 1125 1196 1244 nit,
1214 1127 1499 1246 abductumn
1515 1130 1552 1198 iu
1571 1131 1680 1200 tautis
1696 1131 1848 1203 miseriis
1865 1135 2016 1226 publicis
2031 1131 2116 1209 haec
2172 1174 2178 1180 ·

85 1249 270 1322 historicus
308 1253 442 1346 inquit,
480 1257 604 1346 σχῆμα
633 1250 823 1326 πολιτικὸν
848 1257 918 1326 τοῦ
948 1247 1074 1351 λόγου.
1122 1242 1259 1318 privata
1288 1230 1513 1301 mediocriter
1542 1233 1687 1352 ferenda
1716 1257 1789 1352 esse
1815 1237 1926 1322 duco,
1967 1234 2017 1308 Et
2038 1237 2115 1310 Deo

80 1355 149 1424 Sed
172 1377 343 1443 magnum
364 1379 420 1424 me
443 1353 654 1426 beneficium
672 1357 843 1448 accepisse
865 1356 1019 1447 putabo,
1045 1355 1075 1423 si
1123 1351 1200 1448 ‘affl
1218 1331 1438 1449 ⁰⁰m¹¹¹⁰¹1d⁰·
1491 1332 2041 1455 M0ffl¹¹¹¹⁶¹1¹f11¹¹ftf¹iulflmihi
2065 1342 2117 1412 la·

74 1478 253 1528 mansero·
292 1455 382 1526 Nam
398 1479 478 1526 cum
495 1452 580 1526 hm
597 1469 774 1547 tempora,
797 1472 838 1527 u,
854 1451 1075 1527 suroresho„
1122 1454 1249 1500 crrmas
1268 1455 1401 1522 agents
1414 1435 1607 1526 detergeret
1631 1460 1695 1506 suo
1719 1439 1918 1526 rndusrolo‚
1944 1465 2015 1534 quo
2043 1467 2116 1514 uno

72 1559 217 1627 minum
235 1559 280 1626 ad
295 1557 493 1647 superiores
508 1571 704 1629 conventus
721 1561 883 1644 confero,
908 1582 1074 1650 maguam
1123 1547 1196 1603 ΕΜ
1220 1535 1346 1607 indum
1369 1557 1484 1610 mane·
1545 1535 1615 1608 Hic
1639 1552 1756 1630 8⁸⁵¹¹¹⁸
1780 1541 1830 1612 5¹²¹
1853 1544 2052 1634 PinelraVit
2077 1545 2116 1614 5¹¹
2242 1577 2249 1588 '

71 1661 181 1728 video
199 1659 528 1731 dissimilitudinem
542 1661 629 1733 fore.
682 1659 972 1746 lntersuiantea‚
998 1683 1073 1729 non
1121 1634 1280 1703 ‘mimum
1311 1659 1450 1718 'neum’
1492 1652 1532 1709 ui
1564 1663 1637 1711 '¹⁰¹¹
1668 1654 1786 1732 putem
1815 1643 1922 1714 s¹¹³⁵⁵²
1956 1641 2113 1740 ἄσημον·

70 1763 150 1830 sine
169 1784 279 1846 cura,
304 1784 378 1830 non
395 1762 471 1832 siue
489 1757 664 1853 colaphis,
692 1765 752 1832 sed
770 1775 890 1834 tamen
905 1755 1072 1837 πολιτεύ·
1121 1731 1218 1806 Bene
1234 1737 1324 1810 vali·

70 1887 180 1954 ματα
217 1875 336 1932 nostra
366 1859 434 1931 Dei
463 1863 651 1948 beneficio,
690 1865 838 1936 suerunt
868 1865 1072 1936 incruenta:
1683 1869 1816 1970 Philip,
1838 1875 2013 1952 Melanph,

70 1965 189 2038 multa
213 1963 350 2034 utiliter
371 1964 542 2056 explicata
565 1979 667 2050 sunt,
693 1967 824 2036 multae
849 1967 1072 2058 quaestiones

70 2066 313 2150 diiudicatae,
337 2067 447 2137 multa
464 2067 815 2157 mitigatafueruut,
840 2066 916 2138 Deo
943 2069 1073 2158 guber·
1098 2133 1099 2136 ,
1124 2075 1575 2093 “-“““”““““”“““
1985 2091 2113 2102 m*

69 2183 203 2252 nante,
228 2161 488 2264 καταστροφαὶ
510 2169 679 2260 placidae.
729 2168 1072 2240 Noloomniacom-
1119 2217 1152 2290 N
1195 2216 1296 2294 2355

69 2293 283 2342 memorare.
335 2267 439 2340 Nunc
455 2271 580 2340 ardent
597 2270 688 2340 odiis
706 2268 896 2358 Germani,
920 2285 955 2342 et
976 2285 1072 2342 totus
1121 2245 1309 2342 Aa!
1943 2233 2113 2353 Q

69 2372 174 2442 orbis
189 2385 365 2440 terrarum
375 2371 508 2440 maiore
526 2372 565 2440 in
584 2372 752 2456 luctuest,
767 2397 874 2466 quam
885 2386 971 2444 tunc
986 2385 1070 2446 erat.
1524 2404 1681 2490 Eidem

72 2473 200 2544 Gallia
214 2473 350 2542 bellum
367 2473 507 2543 exitiale
521 2474 658 2544 metuit.
695 2472 793 2544 Scoti
809 2475 848 2544 iu
863 2487 932 2545 tres
946 2475 1072 2545 factio-
1683 2471 1694 2494 ⁰

71 2599 138 2646 nes
163 2573 344 2658 distracti,
376 2575 613 2666 pontificiam,
642 2573 852 2666 Anglicam,
885 2591 920 2649 et
945 2571 1071 2646 Asser—
1186 2585 1269 2659 Epis.
1283 2586 1317 2642 ad
1332 2585 1470 2643 camum
1488 2585 1580 2658 φοοδ
1592 2605 1634 2660 eq.
1654 2588 1808 2656 (ed.1out.
1822 2588 1869 2646 tv.
1887 2609 1929 2664 ep.
1942 2591 2014 2663 816.)

73 2679 201 2750 tricem
232 2676 415 2748 doctrinae
444 2676 616 2769 purioris,
656 2691 700 2747 ut
730 2678 866 2752 dicunt.
922 2676 1070 2750 Decreta

76 2778 323 2850 crudelissima
339 2791 441 2864 suut,
466 2791 507 2848 ut
524 2779 626 2848 liceat
641 2779 755 2848 occidi
772 2774 948 2876 ἀκρίτους
959 2803 1071 2850 asscr-

81 2897 173 2950 tores
193 2879 389 2952 doctrinae.
439 2876 516 2969 Ego
540 2875 647 2950 hodie
670 2881 728 2950 die
742 2877 916 2973 Ecliptico
937 2883 1072 2953 litteras

82 2983 215 3074 accepi,
242 2977 310 3050 'An
334 2981 438 3051 liceat
462 2974 675 3074 ἀμύνεσθαι
697 2976 872 3078 τοιαύτην
888 2977 1073 3077 ὠμότητα.
1119 2959 1164 3050 S·
1190 2979 1235 3055 D.
1286 2979 1486 3053 Meministi
1515 2997 1615 3054 vetus
1637 2985 1728 3054 illud
1752 2983 2013 3060 Messeniorum
2036 2993 2115 3083 opi·
2188 2971 2194 2988 ’

79 3084 159 3154 Nou
190 3085 277 3153 libet
300 3075 482 3178 δύσφημα
512 3084 633 3154 omnia
665 3109 856 3160 recensere.
914 3085 1072 3156 Tantum
1120 3107 1205 3169 nor,
1227 3083 1289 3177 qui
1307 3083 1491 3168 dicebant,
1523 3108 1596 3154 esse
1618 3085 1792 3178 quaedam
1814 3085 2114 3163 Lacedaemonio-

78 3188 171 3256 illud
188 3186 287 3270 dico,
310 3207 523 3277 magnopere
540 3210 596 3257 me
612 3200 752 3280 optare,
766 3201 827 3272 ut,
842 3189 937 3280 quod
954 3201 1074 3258 osten·
1120 3209 1201 3254 rum
1217 3179 1329 3257 καινὰ
1344 3179 1415 3278 μὲν
1432 3179 1656 3280 ἀδικήματα,
1671 3182 1809 3260 παλαιὰ
1829 3183 1871 3260 δὲ
1886 3187 2114 3286 σοφίσματα.

74 3293 182 3369 dunt,
210 3288 405 3356 concedant
421 3281 521 3371 mihi,
546 3302 586 3360 ut
597 3312 771 3362 maneam.
810 3288 959 3360 Interim
975 3290 1074 3361 domi
1122 3284 1174 3358 lta
1207 3301 1291 3356 sunt
1310 3283 1486 3378 Epicurea
1515 3289 1676 3358 convicia
1705 3303 1823 3359 vetera
1848 3291 2011 3383 quidem,
2052 3300 2114 3367 sed

73 3389 231 3462 assiduis
252 3388 344 3458 votis
365 3391 622 3460 commendabo
638 3387 715 3460 Deo
740 3388 915 3462 Ecclesiae
937 3405 1074 3462 nostras
1122 3387 1592 3473 nuncrabiosiusdicuntur,
1606 3413 1686 3459 cum
1703 3390 1996 3483 tranquillitatem
2014 3419 2114 3466 suam

72 3519 116 3562 ac
132 3490 295 3582 polinas,
319 3503 353 3560 et
369 3491 560 3582 precabor,
586 3504 626 3562 ut
652 3492 811 3584 ipsorum
830 3493 979 3566 consilia
1003 3494 1075 3564 sint
1121 3484 1285 3560 homiues
1305 3487 1414 3562 ἄθεοι
1436 3503 1470 3559 et
1493 3489 1669 3561 molliculi
1692 3491 1925 3563 interturbari
1949 3495 2114 3568 clamori-

73 3589 250 3664 salutaria
266 3589 347 3684 ipsis
363 3589 514 3684 etReip.
1123 3594 1189 3663 bus
1212 3589 1392 3662 Ecclesiae
1423 3591 1655 3665 arbitrantur.
1712 3591 1784 3665 Sed
1812 3596 1970 3686 prolecto
2001 3602 2114 3671 nostri

185 3689 339 3780 Quodis
354 3695 503 3780 adveni,
530 3689 588 3764 hic
605 3692 764 3790 noster²)
786 3700 992 3768 concionem
1009 3693 1075 3768 ha·
1122 3694 1280 3765 muneris
1304 3709 1372 3780 est,
1412 3695 1580 3765 acerrime
1609 3693 1780 3766 dimicare
1812 3719 1891 3766 cum
1916 3693 2113 3790 Epicureis.

75 3796 177 3880 buit,
211 3793 250 3862 in
274 3819 343 3886 qua
368 3791 413 3867 od
427 3789 523 3867 κατὰ
543 3792 613 3890 τὴν
628 3795 840 3890 περικλέους
854 3792 1073 3894 σεμνότητα,
1122 3795 1203 3867 Tua
1229 3791 1492 3892 responsione¹)
1517 3797 1621 3867 valde
1635 3796 1828 3870 delectatus
1846 3811 1898 3872 est
1911 3793 2114 3875 Lucterus.

78 3891 174 3968 ἀλλὰ
188 3890 285 3968 κατὰ
299 3892 369 3990 τὴν
383 3893 541 3979 κλέωνος
554 3895 762 3994 παῤῥησίαν
777 3894 982 3998 καθήψατο
996 3906 1075 3976 τῶν
1121 3894 1199 3990 Ego
1215 3899 1344 3990 igitur,
1365 3910 1407 3970 ut
1429 3900 1547 3990 legant
1567 3899 1652 3970 talia
1667 3899 1800 3991 praelia
1820 3925 1895 3971 uon
1911 3905 2115 3990 verborum,

78 3991 408 4094 νομοφυλάκιον’).
458 3993 538 4070 Etsi
554 4001 689 4071 mederi
703 3997 787 4074 huic
812 4003 907 4073 malo
930 4005 1073 4076 student
1120 4004 1182 4072 sed
1197 4025 1317 4072 rerum
1333 4000 1587 4085 maximarum,
1613 4001 1871 4088 adolescentes,
1896 4027 1978 4076 mor
1993 4009 2115 4078 curavi

78 4101 212 4194 aliqui,
238 4089 356 4170 tamen
377 4114 549 4194 quantum
571 4103 813 4194 proficiamus,
837 4105 968 4179 nescio.
1018 4104 1073 4176 De
1120 4103 1284 4173 formulis
1297 4101 1504 4187 transcribi,
1519 4100 1658 4196 tibique
1673 4099 1870 4198 etZigIero
1883 4117 1918 4176 et
1928 4111 1984 4202 τῷ
1999 4131 2116 4204 φρεα-

65 4217 113 4274 .te
128 4227 233 4294 saepe
249 4215 331 4272 ante
347 4203 477 4272 multos
491 4227 604 4274 annos
618 4207 790 4296 cogitavi,
816 4231 896 4276 cum
915 4207 1070 4278 viderem
1119 4195 1681 4300 rlqr²),etlooclsimoRdets'co
1698 4205 1857 4297 exempla
1873 4207 1979 4282 mittis
2016 4207 2115 4281 Bene
2178 4247 2189 4254 ·

78 4305 130 4374 rei
145 4304 357 4388 litterariae,
381 4305 411 4373 si
426 4327 497 4374 ona
511 4305 716 4392 fuissemus,
741 4323 898 4378 nostram
918 4308 1071 4381 familia·
1118 4307 1213 4392 vale,
1237 4307 1296 4377 die
1312 4301 1566 4376 Conversiouis
1581 4301 1697 4382 Pauli.

80 4407 224 4478 ritatem
247 4406 471 4497 profuturam
492 4429 576 4480 esse.
625 4407 696 4480 Sed
712 4411 822 4480 multa
839 4423 959 4495 erant,
982 4435 1071 4504 quae
1453 4409 1456 4421 '
1673 4435 1863 4537 Philippu,
1890 4440 2052 4516 Melamh

78 4501 365 4578 dehortabantur
384 4530 460 4592 sne,
485 4531 531 4578 ne
553 4522 588 4579 te
606 4509 645 4578 in
662 4507 761 4580 ‘hanc
776 4509 902 4604 Remp.
917 4505 1071 4581 attrahe-
2055 4497 2065 4519 ⁹

77 4635 168 4684 rem.
219 4603 316 4680 Mihi
337 4633 456 4680 meum
478 4612 589 4682 satum
612 4611 799 4682 ferendum
824 4625 885 4686 est.
935 4609 984 4684 Et
1007 4637 1070 4685 oro
1138 4661 2113 4676 -------------------·-

75 4709 216 4794 Deum,
241 4724 283 4780 ut
298 4709 434 4802 mitiget
446 4735 651 4795 aerumnas,
678 4738 743 4784 uec
765 4715 843 4786 dies
868 4713 942 4785 abit
967 4714 1072 4802 ullus,

78 4814 171 4908 quin
195 4811 295 4882 illam
311 4808 510 4904 Prophetae
533 4839 656 4885 vocem
680 4817 830 4908 cogitem
853 4841 893 4888 ac
909 4817 1072 4889 recitem:
1119 4804 1186 4879 No·
1202 4799 1316 4884 2854·
1947 4817 2007 4882 25.
2024 4812 2088 4878 lm·

75 4915 173 4987 Cum
187 4911 464 4996 irascerisDeus,
479 4917 742 4990 misericordiae
754 4933 836 4990 tuae
852 4920 1062 4993 recorderis.
1125 4899 1297 4930 Μ
1934 4903 2105 4934 Μ

1460 4983 1515 5072 B.
1546 4983 1783 5072 Schellero.

1190 5147 1277 5223 Epist.
1292 5149 1339 5204 lib.
1353 5147 1387 5203 ll.
1399 5165 1425 5220 p.
1438 5147 1499 5208 474.
1524 5147 1599 5218 (edit.
1613 5147 1701 5204 bend.
1717 5148 1750 5205 ll.
1765 5167 1807 5222 ep.
1823 5148 1903 5216 502).

1119 2733 1280 2821 Clarias.
1310 2755 1343 2816 et
1366 2753 1439 2840 opt.
1465 2744 1544 2816 viro
1564 2742 1593 2816 I
1600 2740 1813 2818 aestimo
1839 2737 2113 2826 Camerario

1311 2841 1541 2942 Pobergensi
1558 2846 1678 2920 amico
1697 2873 1766 2921 sno
1791 2849 1920 2922 caries.

114 5215 142 5280 1)
161 5205 280 5263 Comitia
292 5205 533 5278 Spirrebabends.

110 5299 140 5360 2)
160 5293 305 5351 botherus.

109 5382 140 5450 3)
160 5377 278 5458 Lutberi·
293 5377 392 5432 concio
412 5375 440 5432 d.
460 5376 487 5429 2·
500 5386 559 5450 post
572 5375 704 5453 Epipbau.
718 5379 825 5448 habita,
846 5399 899 5436 rou
914 5379 1077 5438 beimlicheo
1134 5339 1137 5352 ·
1295 5431 1302 5445 ,

146 5443 452 5574 gertlgibppqsetltmvtd.
471 5445 585 5500 Lntheri
603 5449 681 5520 epist.
703 5449 737 5504 ad
751 5449 811 5506 tob.
826 5449 904 5507 Frid.
919 5449 1076 5507 Electorem
1160 5437 1190 5587 3
1207 5429 1469 5572 gmzhwm·

1319 5581 1397 5658 19*
