4864 6244
107 303 180 382 ult

109 473 338 556 Eruditiuna
362 483 396 548 d
420 471 552 548 uirtute

266 588 339 652 stu
359 573 389 648 I
393 601 532 664 unua,
550 571 643 672 filiu
658 597 733 648 suu
750 574 962 659 certisime,

111 705 151 802 S.
177 719 221 796 D.
272 715 363 790 Heri
379 719 475 790 lilius
491 707 621 816 Crispi
627 713 824 790 Huilensr's
839 709 912 784 buc
930 713 1047 793 venit,
1073 735 1113 782 ac

112 825 239 909 statius,
261 847 342 894 cum
358 822 511 916 deeque
527 823 778 905 descendisset,
794 817 938 890 accessit
952 818 997 886 ud
1017 819 1111 890 dum.

110 925 323 1011 Pastorem,
347 923 541 998 Ductorem
564 918 832 1007 Pumeronom‚
857 918 1111 1013 expostulavit-

108 1054 281 1130 quacum
306 1053 366 1114 uu,
407 1030 505 1122 quud
532 1029 576 1098 de
600 1041 716 1098 morte
738 1027 850 1119 patris
872 1025 1045 1118 quaedam
1069 1021 1109 1090 in

108 1131 281 1209 concinne
296 1131 439 1224 dixisset
457 1143 494 1202 et
508 1130 696 1215 minitans,
718 1149 756 1200 se
769 1128 969 1198 rediturum
982 1149 1057 1194 esse
1073 1139 1107 1194 et

108 1236 263 1311 atrocius
286 1258 367 1304 cum
394 1255 436 1302 eo
467 1233 784 1324 expostulaturum.
845 1227 956 1300 Venit
976 1227 1106 1298 deinde

109 1353 189 1436 pust
204 1336 367 1432 quintam
384 1330 529 1414 horam,
553 1337 659 1404 credo
683 1333 917 1415 temulentus,
943 1331 1047 1403 iussit
1068 1353 1105 1398 se

108 1437 287 1514 introduci
310 1439 352 1509 in
371 1437 447 1508 eius
471 1434 697 1524 cubiculum,
725 1431 809 1531 qnia
834 1435 1017 1505 dicebatur
1040 1433 1104 1500 ab-

107 1567 181 1616 esse
216 1543 356 1631 dumo,¹
376 1554 412 1611 ct
441 1539 562 1610 aberat
594 1541 633 1608 in
666 1539 827 1610 examine
854 1534 1103 1609 ministrorum

106 1644 305 1736 Evangelii.
357 1639 583 1714 Redeuntem
597 1642 727 1712 deinde
744 1643 783 1710 in
797 1641 854 1710 via
868 1663 991 1709 rursus
1005 1643 1103 1705 com-

106 1749 216 1842 pellat
240 1745 353 1838 specie
379 1746 483 1836 plane
506 1739 647 1828 hostili,
673 1767 781 1838 quare
807 1767 826 1814 a
852 1741 997 1811 consule
1014 1727 1102 1806 Cri-

105 1874 195 1948 spus
217 1849 255 1918 in
276 1872 451 1918 carcerem
467 1847 640 1917 abductus
654 1855 722 1932 eit,
741 1855 775 1915 et
789 1869 855 1914 nos
872 1842 1102 1934 petulantiam

105 1952 300 2024 inventutis
326 1949 565 2038 castigandam
590 1971 664 2016 esse
690 1970 886 2020 censemus.
937 1943 1035 2016 Haec
1061 1967 1101 2012 eo

107 2052 252 2146 scripsi,
278 2067 336 2140 ut,
362 2075 473 2151 quum
489 2050 700 2135 arbitrarer,
724 2051 804 2120 istic
818 2050 956 2140 aliquos
973 2049 1101 2138 depra-

107 2167 253 2228 vaturos
276 2179 349 2225 esse
383 2148 475 2222 banc
501 2176 575 2221 rem
608 2154 807 2232 narrando,
847 2151 934 2220 certi
964 2148 1100 2241 aliquid

108 2260 257 2330 sciretis.
306 2256 404 2326 Bene
418 2255 497 2324 vale
514 2267 549 2322 et
573 2269 709 2344 patrem
724 2279 807 2322 vera
822 2252 1018 2323 reverentia
1040 2275 1099 2319 co-

107 2360 193 2438 litu,
208 2345 423 2438 memoratis
440 2351 602 2455 στοργάς
620 2381 695 2430 esse
709 2356 882 2446 imagines
895 2354 1027 2426 amoris
1043 2353 1101 2423 di-

107 2485 196 2534 vlm-

736 2893 795 2984 (h.
820 2849 860 2963 a.
875 2895 1083 2974 nuntietur.)

725 3001 1097 3042 Μ

103 2893 170 2969 uo.
186 2890 301 3008 aare.

108 3005 283 3043 W

439 3131 479 3235 Ι.
512 3127 766 3224 Wcinluub.

170 3291 256 3374 ‘ih'
266 3309 364 3362 apogr.
383 3291 411 3344 in
430 3289 494 3344 eud.
518 3291 602 3349 Paris.
625 3289 785 3348 1111511.
811 3319 846 3338 -··
879 3289 1003 3365 Eplstola
1022 3287 1111 3366 prrsss

201 3373 332 3432 sareptae
347 3355 417 3414 Mel.
431 3357 492 3413 filiis
505 3359 694 3418 Buchbulreri·
728 3371 729 3374 ’

152 3511 218 3586 Ad
232 3505 520 3610 ‚cancellarium
544 3507 790 3586 Murchiunis
810 3508 1051 3614 Electuris')

97 3647 148 3738 S.
174 3661 222 3741 D.
273 3657 462 3751 Magnifice
475 3660 519 3738 D.
535 3662 765 3736 Cancellarie.
804 3659 896 3734 Cum
912 3664 1008 3736 inter
1023 3689 1100 3734 cae·

100 3783 200 3839 teras
214 3787 315 3841 etuas
338 3766 497 3856 publicas
512 3767 618 3838 etiarn
633 3764 875 3838 Ecclesiarmu
889 3767 1038 3836 salutern
1066 3781 1101 3838 et

101 3868 289 3940 literarum
313 3869 427 3940 studia
448 3871 749 3960 complectamini,
777 3884 813 3938 et
833 3894 897 3960 pro
913 3869 1021 3938 vestri
1043 3871 1098 3945 in-

97 3971 202 4060 genii
226 3971 430 4045 excellentia
460 3973 614 4044 libenter
641 3973 816 4044 adiuvetis
838 3973 1033 4062 studiosus,
1066 3986 1100 4042 et

94 4095 243 4164 semper
261 4073 452 4163 singularis
474 4089 590 4144 vestra
616 4074 865 4147 benevolentia
887 4076 996 4146 suerit
1019 4099 1098 4166 erga

92 4187 264 4243 nostrum
279 4190 462 4262 parentem
479 4192 513 4246 et
528 4201 607 4266 erga
624 4199 709 4261 nus,
732 4177 957 4266 confugimus
973 4179 1017 4248 ad
1038 4201 1099 4246 vus

93 4291 273 4370 tanquam
300 4275 343 4342 ad
373 4277 599 4368 praecipuum
628 4293 838 4370 patronum,
865 4295 900 4347 et
929 4301 992 4348 vos
1019 4303 1098 4349 ura-

93 4401 200 4456 mus,
232 4388 273 4446 ut
305 4377 410 4446 nobis
443 4402 546 4469 opem
579 4381 710 4450 feratis.
769 4379 1006 4471 lntelligirnus
1032 4375 1099 4450 buu

93 4479 177 4570 agi,
204 4491 245 4548 ut
264 4479 399 4548 reditus
424 4483 614 4551 sacerdotis
636 4483 674 4550 in
695 4477 911 4562 Salts'redel,
939 4507 1027 4575 quus
1049 4481 1099 4552 11-

92 4577 336 4652 lustrissimus
356 4582 521 4674 princeps
536 4584 737 4654 studiorum
753 4609 855 4655 causa
872 4567 1099 4654 nubis'attri-

91 4681 203 4766 huit,
225 4679 296 4751 aliu
312 4683 582 4758 transferantur.
635 4687 675 4756 ld
691 4688 722 4756 si
739 4688 814 4771 fiet,
838 4688 876 4756 in
896 4685 1099 4758 Academiis

90 4806 246 4856 manere
261 4807 335 4852 nun
352 4807 551 4876 possumus.
600 4785 647 4860 Et
664 4791 1002 4878 cogemurdeserere
1017 4793 1098 4863 lite-

90 4911 154 4959 ras
175 4899 211 4956 et
225 4887 378 4980 optimas
400 4903 510 4976 artes,
535 4915 622 4985 quas
637 4893 865 4963 mediocriter
883 4894 1017 4964 discere
1041 4895 1099 4964 in-

88 4989 270 5082 cepimus.
328 4985 375 5059 Et
401 5003 522 5062 extant
544 4991 745 5064 testimonia
769 5008 974 5068 nostrorum
995 4997 1098 5068 labu-

89 5116 201 5176 rum,
230 5115 321 5185 quae
347 5093 452 5162 etiarn
477 5097 589 5165 ductis
615 5096 765 5187 placent.
826 5095 880 5166 Ac
904 5121 1104 5189 speramus,

90 5191 175 5266 Deo
193 5193 340 5265 iuvante
363 5221 428 5266 nus
452 5197 541 5268 olim
562 5199 700 5272 utiliter
719 5197 913 5271 serviturus
937 5224 1011 5271 esse
1027 5197 1097 5272 Ec-

116 5508 152 5576 *2
179 5501 433 5566 lu.Weisiaubiu.

702 289 1159 372 EPISToLARUM·
1195 289 1301 370 LtB.
1340 289 1406 372 111.
1459 285 1593 368 15116.

576 470 790 570 mutuati
808 465 1009 564 Magistro
1031 464 1117 541 Iu-

1083 1429 1085 1438 ’
1152 1418 1244 1470 ntur.

2051 181 2068 218 ὓ

2088 287 2166 366 910

1163 467 1290 538 etesiae
1306 463 1387 538 Dei.
1438 462 1561 554 Quare
1582 485 1647 536 vos
1662 475 1810 554 propter
1823 459 1940 534 Deum
1963 473 1997 534 et
2015 478 2163 556 propter

1162 585 1315 641 vestram
1333 591 1412 658 erga
1429 569 1605 638 studiosos
1630 567 1915 638 benevolentiam
1931 567 2162 654 obtestamur,

1159 687 1200 744 ut
1221 672 1425 765 perficiatis,
1450 693 1496 742 ne
1517 672 1654 742 reditus
1677 670 1733 740 illi
1755 693 1776 740 a
1799 669 1903 740 nobis
1921 669 1991 759 alio
2007 672 2160 742 transse-

1159 791 1287 847 rantur
1304 770 1422 844 adbuc
1442 776 1549 847 anuis
1563 776 1711 868 aliquot.
1764 771 1855 844 Cum
1872 772 2017 868 quidem
2039 796 2160 866 spere·

1157 905 1253 963 mus,
1275 879 1392 950 studia
1415 889 1537 948 nostra
1560 893 1596 950 et
1617 899 1733 954 mures
1751 874 1865 946 doctis
1883 875 1969 946 viris
1992 898 2066 945 nun
2081 875 2156 946 dis-

1156 983 1305 1073 plicere,
1332 975 1400 1050 hoc
1418 978 1653 1052 illustrissimi
1677 979 1848 1072 principis
1868 979 2080 1050 beneficium
2094 1001 2157 1048 ve·

1153 1099 1225 1154 stra
1250 1085 1423 1156 autoritas
1446 1085 1551 1156 nobis
1573 1107 1781 1156 conservare
1807 1081 1955 1175 poterit,
1989 1083 2086 1176 quud
2116 1093 2156 1150 ut

1153 1189 1269 1276 faciat,
1284 1199 1652 1272 reverenteruramus,
1669 1201 1703 1256 et
1721 1201 1925 1277 perpetuam
1942 1181 2056 1254 animi
2075 1205 2155 1274 gra·

1153 1289 1343 1360 titudinem
1369 1287 1613 1363 illustrissimo
1643 1287 1797 1384 principi
1825 1301 1858 1357 et
1883 1285 1985 1358 vobis
2005 1285 2154 1382 pullice-

1295 1391 1339 1470 B.
1359 1391 1492 1468 Valere.

1478 1490 1669 1586 Philippus
1691 1491 1746 1567 M.
1770 1489 1996 1586 praescripsit
2018 1491 2103 1562 filiis

1523 1596 1569 1672 D.
1586 1595 1734 1688 Georgii
1748 1587 2048 1692 Buchhotzeri*).

1756 1823 2147 1852 ...—.......2...-.-.--

1986 1963 1992 1977 ’
2024 1933 2154 2082 rea.)

2010 2093 2152 2127 *m

1147 1997 1215 2068 Nu.
1229 1995 1343 2068 3347.

1154 2093 1328 2124 W

1519 2192 1770 2304 Praefmiu.

1217 2326 1354 2410 Praefatio
1372 2355 1400 2408 in
1419 2353 1538 2410 librums
1565 2357 1704 2415 Hermon.
1725 2357 1758 2409 de
1778 2353 1903 2430 passione
1921 2351 2036 2426 Christi,
2055 2355 2117 2408 edit.
2137 2376 2152 2410 a

1252 2423 1354 2510 Geurg.
1374 2421 1466 2480 tttaw.
1487 2454 1519 2467 -
1562 2425 1673 2508 Legitur
1691 2427 1771 2480 etiam
1791 2425 1825 2508 'in
1846 2423 1913 2478 Met.
1933 2425 2151 2481 Declamatiuni·

1248 2495 1302 2550 bus
1318 2495 1352 2552 'l.
1364 2494 1399 2552 11.
1417 2515 1444 2568 p.
1458 2493 1536 2565 249„
1555 2499 1629 2550 rude
1647 2495 1692 2552 bre
1710 2497 1845 2567 descripta
1862 2505 1914 2552 est·

1452 2621 1457 2635 ’
1541 2631 1752 2740 Praefatio.

1146 2747 1242 2844 Non
1256 2771 1412 2843 dubium
1429 2786 1504 2860 est,
1528 2751 1703 2844 Musicam
1719 2774 1842 2863 generi
1864 2769 2024 2856 humano
2036 2797 2152 2866 ‚prae-

1147 2875 1252 2965 cipuc
1275 2876 1395 2955 datam
1421 2899 1496 2946 esse
1516 2901 1698 2949 sacrorum
1724 2901 1864 2964 canssa;
1905 2877 2081 2970 primurn,
2107 2889 2149 2948 ut

1150 2991 1271 3062 cantu,
1287 2991 1457 3070 tanquam
1478 2977 1605 3064 literis,
1622 2979 1950 3074 conservarentur¹)
1968 2996 2001 3049 et
2019 3003 2148 3072 propa-

1148 3095 1318 3168 garentur
1342 3081 1485 3157 oracula
1508 3082 1682 3152 divinitus
1696 3084 1845 3167 tradita,
1873 3082 2072 3154 durabilior
2095 3096 2148 3152 est

1148 3183 1243 3252 enim
1267 3207 1499 3253 numerorum
1519 3198 1554 3254 et
1575 3185 1771 3256 carminum
1790 3186 1979 3270 memoria,
2005 3183 2148 3272 deinde,

1146 3299 1189 3354 ut
1212 3297 1327 3354 rectae
1348 3285 1545 3357 sententiae
1563 3285 1672 3376 magis
1696 3301 1923 3379 penetrarent
1944 3286 2146 3374 inanimus,

1048 3443 1052 3450 .
1147 3400 1183 3460 et
1208 3386 1359 3458 ferirent
1387 3412 1426 3458 ac
1451 3405 1634 3458 moverent
1662 3386 1849 3462 bominum
1874 3405 2013 3482 pectora
2038 3384 2144 3460 vehe-

1146 3489 1312 3560 mentius.
1363 3486 1429 3560 Est
1444 3491 1554 3560 einim
1570 3495 1743 3584 quaedam
1758 3494 1898 3564 animae
1920 3519 2000 3564 rum
2019 3516 2146 3564 nume-

1146 3591 1195 3660 ris
1225 3605 1258 3660 et
1281 3586 1468 3662 harmonia
1494 3594 1667 3664 mirabilis
1701 3596 1887 3685 cognatio,
1921 3597 2071 3690 qualit,
2105 3610 2145 3670 ut

1145 3695 1249 3764 avide
1265 3693 1438 3788 accipiant
1455 3696 1567 3769 animi
1591 3691 1811 3782 harmonias,
1838 3712 2009 3770 eteorum
2028 3699 2143 3768 varic·
2183 3691 2186 3696 Δ

1145 3797 1209 3869 tati
1231 3800 1471 3890 respondeant
1491 3799 1579 3868 varii
1605 3813 1720 3870 mutus
1743 3801 1918 3875 innubis.
1971 3801 2143 3872 Sentiun-

1146 3913 1205 3972 tur
1229 3893 1314 3970 haec
1338 3927 1412 3970 non
1438 3904 1607 3988 obscure,
1633 3904 1696 3972 etsi
1720 3906 1826 3988 ratio,
1853 3929 1917 3972 cur
1938 3899 2042 3987 fiant,
2068 3927 2143 3974 non

1145 4001 1366 4099 perspicitur.
1417 4005 1487 4078 Sed
1504 3997 1750 4076 harmonicum
1768 4007 1938 4100 quiddam
1956 4019 2008 4076 est
2023 4006 2143 4076 anima

1146 4121 1181 4176 et
1207 4120 1333 4176 nactura
1358 4107 1557 4200 percipiens
1582 4109 1688 4202 atque
1712 4133 1833 4178 amans
1856 4121 2143 4202 numerosatque

1146 4203 1386 4282 harmoniam:
1418 4236 1458 4296 err
1488 4211 1619 4303 quibus
1652 4208 1770 4280 existit
1802 4209 1939 4280 ordinis
1974 4209 2144 4300 cognitio,

1146 4337 1217 4406 quo
1233 4305 1326 4379 nihil
1346 4302 1396 4380 est
1410 4313 1449 4380 in
1466 4305 1634 4382 omnibus
1649 4313 1755 4384 rebus
1771 4328 1805 4384 et
1826 4313 1864 4382 in
1880 4312 2039 4384 moribus
2060 4313 2143 4408 pul-

1146 4412 1282 4486 chrius:
1309 4439 1380 4508 quo
1397 4415 1645 4483 animadverso
1655 4438 1755 4484 mens
1771 4415 2021 4486 traduciturad
2039 4415 2142 4506 agni-

1145 4519 1279 4589 tionem
1308 4511 1387 4589 Dei.
1439 4513 1576 4586 Verum
1606 4530 1645 4586 ut
1678 4511 1769 4588 hanc
1796 4519 2073 4608 disputationem
2097 4519 2143 4588 de

1145 4614 1276 4692 carissis
1295 4618 1516 4703 omittamus,
1534 4619 1624 4688 illud
1638 4619 1784 4689 minime
1801 4619 1952 4690 dubium
1972 4634 2037 4706 est,
2054 4616 2138 4692 Mu·

1144 4725 1238 4794 sicen
1264 4719 1302 4790 iu
1325 4721 1431 4792 sacris
1457 4721 1585 4793 ritibus
1608 4745 1746 4814 semper
1763 4717 1960 4793 adhibitam
1983 4747 2076 4808 esse,
2101 4737 2143 4796 ut

1144 4824 1200 4896 vel
1218 4823 1485 4918 tranquilliores
1501 4827 1665 4893 redderet
1688 4823 1826 4894 animus
1844 4826 1940 4895 etad
1956 4823 2141 4916 cogitatio-

1144 4941 1226 5000 ne'm
1242 4952 1363 4998 rerum
1377 4926 1583 4998 divinarum
1600 4927 1774 5019 aptiores,
1801 4928 1857 4998 vel
1872 4927 1960 4998 alius
1977 4927 2141 5000 excitaret

1146 5113 1339 5131 Ἠ

1177 5219 1208 5290 ’1)
1230 5212 1274 5272 1111
1292 5215 1377 5271 literis
1394 5233 1507 5285 operam
1524 5215 1624 5269 dabant
1636 5213 1824 5287 Witebergre
1836 5233 1909 5271 annu
1925 5215 2002 5274 1515.
2021 5227 2050 5273 et
2065 5237 2140 5292 seqq,

1214 5289 1276 5342 Vid.
1295 5305 1340 5356 ep.
1357 5285 1429 5343 (1.9.
1447 5283 1532 5340 Mart.
1552 5285 1627 5342 1515.
1664 5283 1759 5340 Potest
1779 5303 1845 5340 veru
1863 5287 1945 5342 aba
1964 5287 2066 5356 scripte
2082 5308 2140 5346 stre

1218 5375 1291 5413 annu
1311 5353 1388 5410 1549.
1424 5353 1487 5410 Vid.
1503 5374 1546 5426 ep.
1564 5356 1591 5408 d.
1608 5355 1651 5410 29.
1671 5353 1736 5408 Oct.
1756 5357 1833 5412 1⁵49.
1852 5353 1993 5428 scriptam.

1177 5447 1204 5514 1)
1225 5441 1313 5565 Ἑν
1322 5452 1521 5511 conarentur,
1541 5439 1615 5512 quud
1634 5440 1797 5495 mendosum
1813 5439 1902 5497 babeo
1920 5463 1972 5520 pru
1990 5463 2144 5520 merua·

1213 5529 1229 5567 r
1316 5547 1325 5564 .

1337 5577 1420 5659 58·
