4864 6244
343 349 419 420 aaa
923 305 1367 422 ur‘rsrouanuu
1424 338 1628 416 mnu.
1680 336 1811 418 1545.
2270 357 2315 432 ις

351 521 485 591 dicasse
499 521 659 606 beatum,
684 523 780 618 quod
796 523 872 592 sine
886 522 1170 614 interpellatione
1186 519 1225 588 in
1246 518 1342 608 cogi-
1395 506 1510 608 πάτερ
1536 509 1637 613 ἅγιε,
1669 506 1831 612 ἁγίασον
1850 509 1952 608 ’ἡμᾶς
1977 516 2018 590 ἐν
2041 523 2088 613 τῇ
2114 515 2248 618 ἀληθείᾳ
2263 551 2316 614 σω,

350 625 482 694 tatione
502 625 725 694 dulcissimae
749 627 932 696 doctrinae
948 627 1093 697 viveret.
1144 621 1240 691 Haec
1261 645 1342 690 cum
1395 612 1458 688 καὶ
1477 611 1634 709 ποίησον
1655 611 1754 708 ἡμᾶς
1775 617 1818 696 ἐν,
1837 613 1947 704 εἶναι,
1981 620 2021 692 ἐν
2046 617 2103 693 σοὶ
2121 622 2178 696 καὶ
2198 625 2320 722 virginci.

351 739 495 818 questus
510 727 556 794 sit
571 727 631 794 ille
649 721 788 798 Atticus
815 727 958 818 ignarus
974 727 1131 795 coelestis
1147 724 1341 806 doctrinae,
1394 716 1541 818 Decrevi
1562 717 1706 813 Sylvam
1721 719 1788 788 tibi
1804 723 1965 810 opusculi
1980 725 2118 795 mittere
2130 741 2200 816 post
2211 727 2320 825 pasca').

348 841 482 921 quanto
508 829 618 918 magis
643 852 708 898 nos
737 831 839 922 queri
868 831 1100 913 debebamus,
1132 839 1230 896 tanto
1256 849 1342 893 cun·
1394 819 1498 890 Nunc
1521 823 1616 889 enim
1641 815 1756 890 babeo
1776 845 1899 911 operas
1919 825 2071 907 arilicus,
2095 852 2132 896 ac
2152 829 2239 900 video
2257 833 2321 920 prin

348 954 455 999 cursu
473 929 744 1022 occupationum
756 927 804 1023 ⁴),
831 956 919 1025 quae
936 931 1070 999 alienae
1086 942 1202 999 sunta
1218 927 1342 1010 literis,
1394 922 1487 1012 cipio
1504 923 1589 992 libri
1602 923 1713 991 multa
1729 934 1764 992 te
1778 925 1836 1015 pie
1851 940 1886 997 et
1902 924 2139 1016 plausibiliter
2150 931 2323 1022 dicereposse

348 1029 513 1122 impediri
539 1035 658 1100 nostra
684 1036 812 1103 studia.
879 1033 948 1104 Sed
973 1057 1113 1101 oremus
1132 1030 1268 1113 Deum,
1300 1042 1341 1097 ut
1393 1025 1437 1093 de
1455 1049 1538 1093 vero
1562 1049 1628 1094 usu
1650 1021 1979 1113 Sacramentomm,
2005 1053 2044 1100 ac
2059 1032 2227 1123 deplorare
2249 1037 2323 1104 coeci-

346 1157 412 1202 nos
436 1148 534 1223 regat
558 1147 591 1202 et
601 1129 630 1228 ⁶)
660 1131 764 1206 saciat
794 1159 924 1225 organa
950 1131 1087 1218 ἐλέους,
1123 1131 1192 1204 οὐκ
1216 1128 1339 1228 ὀργῆς.
1393 1139 1500 1206 tatem
1516 1127 1799 1196 adversariorum
1821 1142 1854 1198 et
1876 1131 2037 1200 tenebras
2055 1135 2253 1225 superiorum
2268 1149 2322 1204 ten-

347 1228 587 1314 †Chilianus
603 1238 646 1305 de
662 1251 695 1306 te
712 1251 746 1306 et
759 1251 919 1306 amanter
936 1249 970 1306 et
992 1232 1187 1305 honorifice
1200 1236 1340 1303 locutus
1392 1252 1533 1319 porum.
1586 1227 1651 1298 Ille
1672 1225 1899 1322 Sycophanta
1922 1247 2026 1322 negat
2041 1258 2142 1304 usum
2162 1235 2324 1308 sacramenti

1392 1333 1556 1419 prodesse
1582 1332 1626 1400 ad
1647 1331 1926 1402 confirmandam
1947 1335 2052 1404 fidem
2070 1339 2324 1408 adversusmorta-
2360 1395 2361 1410 ,

1391 1433 1439 1500 lia
1458 1432 1604 1518 delicta,
1630 1445 1768 1502 tantum
1783 1448 1885 1524 putat
1901 1435 2051 1506 venialia
2069 1439 2190 1524 deleri,
2211 1441 2292 1533 idque
2301 1467 2325 1510 u

1391 1558 1496 1625 opere
1513 1548 1666 1628 operato.
1719 1533 1816 1605 Haec
1833 1531 1867 1606 et
1883 1537 2012 1606 similia
2031 1529 2209 1624 refutanda
2223 1557 2293 1615 sunt.

1493 1633 1546 1706 De
1563 1638 1672 1706 altera
1689 1637 1906 1728 quaestione,
1932 1644 2113 1732 quomodo
2132 1646 2239 1714 decem
2252 1669 2324 1734 auq-

1389 1732 1515 1835 γορίαι
1530 1738 1653 1808 sintin
1669 1762 1787 1824 coena,
1814 1742 1899 1810 nolo
1916 1766 1935 1810 a
1953 1755 1987 1811 tc
2004 1745 2115 1816 multa
2133 1747 2212 1829 dici,
2233 1748 2324 1816 necin

1390 1852 1567 1930 terrogare
1602 1835 1671 1911 τὸν
1701 1835 1931 1916 διδάσκαλον
1961 1846 2079 1931 volui,
2119 1843 2258 1945 ὀργίλως
2279 1843 2325 1944 γὰρ

1390 1935 1515 2012 ἀκούει
1544 1935 1771 2038 ἐρωτώντων
1800 1941 1864 2015 καὶ
1898 1942 1941 2018 οὐ
1975 1953 2108 2044 σαφῶς
2133 1945 2324 2044 ἀποκρίνεται

1388 2041 1465 2132 Ego
1483 2043 1550 2113 tibi
1572 2046 1794 2134 respondebo
1816 2072 1880 2137 per
1899 2050 2049 2119 alterum
2065 2053 2244 2133 nuncium,
2263 2050 2326 2120 eda

1387 2139 1478 2212 mibi
1498 2146 1584 2216 fides
1608 2147 1728 2216 notior
1747 2162 1808 2222 est.
1860 2147 1951 2220 Cum
1974 2149 2120 2244 Collega
2140 2155 2254 2224 tuearis
2270 2177 2324 2246 quo

1388 2251 1582 2340 quomodo
1599 2250 1838 2324 concordiam.
1897 2251 2096 2344 Scripserat
2111 2259 2153 2326 ad
2169 2281 2219 2327 me
2233 2259 2266 2323 de
2277 2255 2325 2322 lite·

1387 2349 1436 2416 ris
1451 2351 1496 2418 ad
1511 2347 1630 2420 Eliam
1647 2350 1772 2436 missis,
1799 2375 1926 2446 easque
1939 2357 2136 2446 mitigabat.
2176 2355 2324 2446 significavi

1386 2447 1481 2518 nibil
1520 2476 1665 2542 prorsus
1699 2477 1922 2544 permanasse
1956 2460 2000 2527 ad
2034 2452 2245 2532 Lutherum.
2268 2451 2323 2525 nihi

1387 2555 1489 2622 crede
1510 2578 1584 2624 non
1607 2569 1722 2648 potest
1744 2559 1985 2650 tranquillitas
2004 2562 2171 2644 retineri,¹
2197 2563 2254 2632 nisi
2268 2561 2321 2628 len

1385 2679 1464 2724 mus
1481 2659 1593 2726 multa
1609 2659 1734 2727 acerba
1749 2683 1788 2727 ac
1799 2659 2060 2733 dissimulemus
2078 2668 2205 2736 multas
2217 2661 2316 2732 iniunu
2360 2735 2361 2754 ρ

727 2829 734 2842 ,
1269 2828 1308 2843 ..
1384 2753 1497 2855 inyui
1533 2751 1664 2830 πολλὰ
1687 2753 1900 2853 ἀδικήματα
1938 2760 2002 2835 καὶ
2042 2761 2173 2864 ὕβρεις
2206 2755 2320 2838 πολλάκις

334 2842 493 2898 moveret
516 2823 602 2896 haec
623 2825 815 2916 asperitas?
846 2824 919 2892 Nec
942 2839 1057 2915 potest
1080 2821 1165 2896 hacc
1186 2841 1330 2896 sacvrtra
1384 2853 1512 2953 πρᾴως
1545 2869 1673 2957 φέρων
1707 2857 1860 2960 ,aalma
1895 2861 1958 2936 καὶ
1987 2865 2077 2940 7va
2112 2867 2157 2943 οὐ
2182 2867 2320 2962 μέμφομαι

256 3008 263 3016 ,
335 2929 505 3000 diuturna
523 2953 606 3001 esse.
667 2927 863 2996 Sedlilium
881 2924 950 2995 Dei
965 2929 1151 2996 dominum
1169 2945 1330 3000 nostrum
1383 2957 1457 3033 mg„
1474 2955 1651 3054 γρήαατα
1674 2958 1737 3032 drot
1763 2961 1896 3059 φίλους
1927 2963 2121 3043 &vallam
2147 2997 2222 3042 cum
2242 2983 2321 3054 magn,

335 3029 592 3115 l.C.0remus‚
617 3041 659 3098 ut
682 3041 860 3116 nosregat
884 3043 919 3098 et
941 3043 1055 3098 servet
1076 3025 1331 3105 basEcclesias
1415 3033 1424 3055 ⁶
1489 3035 1499 3054 '
1548 3032 1553 3056 ⁶

449 3135 485 3149 ..
744 3146 747 3164 ,
1356 3088 1545 3170 ,meorum
1563 3067 1786 3136 detrimento.
1828 3067 1898 3138 Sed
1916 3071 2003 3163 quid
2020 3075 2128 3143 nobis
2141 3063 2322 3146 ,blandiant
2360 3117 2361 3130 ,

335 3147 368 3201 et
383 3134 537 3224 P⁰¹¹t¹³⁵'
590 3126 698 3201 A¹¹¹¹⁰
726 3127 836 3203 1545·
1385 3163 1545 3253 Quantas
1568 3171 1651 3238 tulit
1668 3168 1818 3239 iniurias
1842 3169 1936 3240 lilius
1959 3170 2041 3243 Dei:
2078 3190 2120 3246 ut
2142 3199 2212 3245 sese
2233 3167 2322 3244 abiecit

345 3305 1324 3369 fflffimffiss--Qm-
1356 3340 1359 3345 ,
1383 3291 1423 3336 ac
1441 3271 1622 3340 transtulit
1640 3271 1679 3338 in
1695 3293 1731 3339 se
1747 3284 1867 3340 nostra
1884 3275 2033 3361 probra,
2059 3302 2128 3368 pro
2145 3277 2239 3347 nobis
2254 3273 2322 3341 lactus
2360 3329 2361 3368 ρ

495 3435 496 3438 ,
1356 3362 1555 3465 ἰιατιίρα.ρ
1611 3371 1863 3463 Reprimamus
1878 3375 1987 3464 igitur
2010 3403 2096 3466 nos,
2130 3395 2164 3450 et
2187 3393 2322 3467 compona-

343 3451 412 3527 No.
426 3452 538 3524 317¹·
1205 3463 1329 3545 3ssAP1·
1382 3495 1461 3540 mus
1483 3473 1621 3542 animos
1643 3477 1688 3543 ad
1711 3475 1828 3544 omnis
1852 3467 1990 3564 generis
2008 3480 2162 3551 iniurias
2180 3473 2323 3552 tolerandas

346 1351 414 1422 est,
447 1335 551 1430 quem
584 1353 623 1410 ut
651 1339 805 1407 vicissim
835 1339 1069 1430 complectare
1096 1338 1202 1407 etiam
1234 1350 1339 1428 atque

345 1439 450 1509 etiam
465 1433 624 1534 rogo”⁶).
675 1436 833 1530 Agamus
849 1439 924 1510 Deo
942 1441 1081 1529 gratias,
1107 1441 1202 1532 quod
1221 1433 1338 1507 hacte-

274 1597 282 1622 ,
344 1542 642 1622 nusmediocrem
667 1554 700 1611 et
715 1542 854 1612 dulcem
874 1543 1100 1612 concordiam
1123 1538 1249 1610 barum
1267 1536 1338 1608 Ec-

341 1639 565 1736 clesiarum⁷)
596 1645 701 1713 nobis
727 1645 844 1728 dedit,
878 1657 914 1714 et
944 1640 1036 1712 banc
1066 1644 1163 1712 omui
1199 1642 1338 1725 studio,

342 1761 433 1831 arte,
460 1747 703 1817 moderatione
717 1759 891 1818 tueamur.

423 1909 562 1981 Recens
577 1912 617 1978 in
631 1904 812 2002 Belgico⁸)
828 1922 989 1978 matrona
1003 1909 1136 1978 nobilis
1152 1933 1230 1978 cum
1248 1909 1336 1978 dua-

341 2013 408 2088 bus
432 2013 573 2082 filiabus
596 2014 724 2104 pudice
734 2006 763 2106 ⁹)
790 2025 823 2080 et
848 2011 905 2102 pie
931 2012 1086 2081 educatis
1109 2026 1266 2104 cremata
1286 2025 1337 2080 est

341 2127 487 2206 propter
511 2115 600 2204 ,piae
628 2113 810 2183 doctrinae
838 2113 1112 2194 confessionem,
1150 2127 1184 2183 et
1217 2115 1335 2198 audio,

339 2215 402 2285 eas'
427 2240 501 2285 nun
532 2216 639 2285 fuisse
670 2215 925 2285 contaminatas
957 2215 1060 2314 malis
1090 2215 1333 2306 opinionibus.

338 2316 501 2410 Cumque
526 2318 677 2387 iunioris
705 2318 798 2386 filiae
826 2316 1039 2408 supplicium
1062 2318 1212 2387 dilatum
1236 2332 1334 2401 esset,

338 2435 379 2490 ut
395 2421 593 2511 spectaculo
618 2419 860 2508 frangeretur,
886 2419 1101 2507 interrogata
1123 2432 1261 2509 postea,
1287 2444 1333 2488 an

337 2536 559 2592 recantatura
577 2536 675 2605 essct,
700 2523 897 2613 respondit,
924 2545 960 2590 se
977 2522 1107 2590 ituram
1122 2524 1165 2590 ad
1184 2534 1333 2590 matrem

337 2638 371 2695 et
386 2647 544 2694 sororem
555 2620 595 2720 ¹⁰)
611 2625 650 2692 in
667 2625 817 2692 coelum.
871 2621 922 2690 lta
940 2624 1035 2691 etde
1056 2623 1132 2714 ipsa
1150 2635 1331 2714 sumptum

296 2769 301 2774 ·
335 2740 387 2797 est
413 2726 640 2817 supplicium.
700 2724 799 2812 Quas
822 2747 928 2813 rupes
951 2747 1040 2816 quos
1069 2725 1232 2815 scopulos
1257 2749 1330 2794 non

1201 3555 1331 3579 M

665 3651 716 3740 V.
751 3653 987 3739 Tbeocloro.

397 3829 483 3956 Epriii:
499 3829 652 3971 lqbqvtliip.
665 3827 718 3886 484
730 3852 772 3905 sq.
789 3865 825 3876 -
849 3832 903 3889 llic
918 3852 948 3887 er
963 3833 1132 3907 autographo
1146 3833 1176 3889 in
1190 3835 1327 3894 costo·

329 4052 383 4126 D.
411 4051 458 4130 V
462 4054 580 4129 itoT
586 4053 806 4142 heodoro,
834 4055 977 4132 docenti
990 4057 1175 4158 Evangel.
1192 4062 1233 4133 ιἰι
1247 4059 1328 4136 Ec-

661 4159 772 4233 clesia
795 4158 994 4260 Noriberg.

332 4269 377 4360 S·
395 4290 439 4364 D.
475 4291 551 4364 Hac
568 4308 672 4364 nocte
690 4297 784 4366 filius
799 4295 865 4366 Dei
881 4301 1044 4372 aditurus
1058 4324 1207 4392 agonem
1223 4327 1327 4376 suum

331 4417 399 4486 pro
416 4389 576 4466 Ecclesia
598 4411 759 4488 precatus
777 4414 845 4484 est,
872 4414 904 4470 et
920 4427 965 4471 ne
988 4404 1050 4472 lux
1062 4401 1251 4496 Evangelii
1267 4433 1326 4476 ex·
1347 4425 1348 4439 ¹
1442 4497 1444 4510 ἱ

332 4497 554 4587 stinguatur,
587 4513 621 4569 et
644 4513 685 4570 ut
714 4503 875 4570 doctores
905 4503 978 4574 sint
1004 4509 1206 4582 concordes.
1267 4505 1327 4580 Ad

303 4651 307 4658 .
332 4591 442 4668 buius
463 4595 659 4695 ἀρχιερέως
680 4603 793 4672 nostri
818 4605 1057 4693 precationem
1074 4610 1327 4699 dulcissimam,

332 4714 367 4771 et
389 4713 474 4785 vota⁸
495 4716 635 4788 nostra,
668 4717 702 4774 et
727 4705 844 4776 studia
871 4719 907 4778 ct
934 4732 1049 4779 mores
1074 4711 1325 4802 adiungamus:

341 4903 541 4916 ..Ψ-ψ..

367 5015 396 5083 l)
416 5024 496 5070 tanto
514 5035 589 5073 eone.
607 5026 711 5087 occup]
730 5022 794 5077 Per.
814 5024 956 5079 eiusmodi
970 5026 1061 5078 rebus.

367 5101 399 5170 5)
417 5113 497 5172 regal
515 5112 543 5156 et
561 5103 623 5158 Pez.
643 5123 699 5158 nou
721 5105 807 5160 babel.

366 5187 394 5254 6)
412 5187 605 5242 Praetermisea
624 5205 639 5240 a
658 5187 722 5242 Per.

366 5269 396 5339 7)
415 5273 571 5324 viceliacum
589 5269 792 5338 adduntcotld.

367 5355 395 5422 8)
414 5354 477 5408 Pes.
495 5355 606 5421 Belgio.
1009 5375 1015 5392 ι

367 5441 396 5508 9)
413 5441 525 5508 μιιάίιι]
545 5438 589 5492 ed.
606 5438 694 5496 Lond.
712 5458 743 5492 ex
763 5441 879 5495 utendos
895 5447 1009 5508 publice.

369 5524 413 5591 10)
431 5531 458 5575 et
475 5538 569 5576 soror.
588 5521 650 5576 cod.
670 5521 753 5578 Gotb.
768 5525 826 5581 191.
845 5543 902 5580 non
920 5527 1010 5583 babet.

1377 4235 1571 4308 Noatta.

1383 3586 1418 3641 et
1454 3577 1707 3648 condonandas
1747 3577 1909 3666 publicae
1945 3584 2210 3676 tranquillitati.
2258 3577 2322 3647 Plun

1233 3697 1236 3704 ’
1306 3679 1310 3688 ’
1381 3675 1533 3744 scribam
1555 3702 1618 3768 per
1640 3680 1790 3747 alterum
1812 3680 1995 3755 nuncium.
2052 3683 2154 3755 Bene
2172 3685 2251 3756 vale.
2286 3671 2322 3744 llll

1380 3778 1553 3866 passionis
1567 3779 1633 3848 filii
1647 3779 1715 3850 Dei
1726 3773 1796 3875 ’'i).

1530 3891 1533 3910 '
1889 3895 2080 3997 Philippus
2101 3897 2299 3977 Melanthos

1380 4110 2298 4128 *um-*w*

2251 4237 2317 4326 (at)

1385 4333 1557 4364 Μ

1712 4435 1773 4522 Α.
1808 4438 2039 4526 Οιίαιιιῑνο.

1445 4607 1532 4681 Epist·
1551 4609 1599 4663 lib.
1614 4607 1661 4667 Vl.
1681 4627 1710 4682 p.
1722 4611 1784 4664 424.
1802 4641 1839 4654 -
1874 4613 1987 4667 Contuli
2005 4629 2105 4686 apogra
2126 4615 2191 4685 bon,
2211 4612 2271 4688 quod
2285 4605 2322 4660 lle·

1481 4679 1595 4800 lauthqn
1615 4697 1765 4800 susalqnauu
1786 4679 1851 4736 lecit
1869 4691 1897 4736 ct
1913 4682 2061 4738 Theodoro
2081 4635 2166 4750 misit,
2180 4688 2207 4741 in
2224 4683 2272 4738 cod.
2283 4675 2323 4730 ΜΨ
2360 4737 2361 4770 ,

1480 4765 1542 4804 flac·
1575 4766 1629 4820 ep·
1694 4786 1711 4812 ι,

1450 4895 1666 4970 Andreae
1691 4893 1955 4991 Osc'andro,
1990 4899 2279 4998 (Norimbergae)
2360 4859 2361 4866 i

1376 5013 1419 5104 S.
1445 5031 1489 5104 D.
1541 5033 1614 5104 Nec
1630 5035 1722 5107 vidit
1739 5028 1930 5106 Lullterus
1947 5031 2129 5128 Epistulae
2149 5053 2226 5108 tuae
2244 5049 2323 5142 erep-

1375 5137 1476 5228 plum
1498 5138 1542 5206 ad
1565 5133 1685 5207 Eliam
1713 5139 1880 5230 scriptae,
1909 5163 1975 5210 nec
1998 5137 2100 5211 Eliae
2125 5141 2236 5211 literas
2259 5134 2322 5218 legtl
2360 5239 2361 5250 ἵ

1408 5443 1439 5514 *)
1457 5446 1559 5519 Spanb.
1578 5448 1697 5514 pascha.

1408 5529 1457 5602 **)
1474 5531 1537 5588 Alia
1557 5549 1653 5587 manua
1674 5527 1832 5602 adscripsit:
1851 5546 1931 5586 anno
1950 5531 2025 5587 1545.
2047 5597 2053 5620 ι
