4776 6260
36 347 121 430 ses
629 349 1063 434 rrrsronaaum
1111 349 1222 430 nm
1251 354 1316 432 rx.
1370 353 1537 480 1645..
2021 375 2097 452 sss

150 524 220 600 Sed
236 523 303 598 hae
321 528 365 599 de
386 553 423 598 re
444 553 540 601 nunc
557 532 797 602 controversia
822 543 893 616 est,
918 529 1049 624 quibu's
1101 527 1140 598 in
1157 528 1304 600 familiis
1320 531 1542 625 equestribus
1562 529 1749 613 honestiss.
1771 541 1958 636 reliquisse
1979 557 2094 648 ampla

38 631 212 724 personis
227 632 493 704 concedendum
516 633 564 704 sit
581 633 812 724 coniugium?
837 633 938 706 Sitne
960 657 1048 703 con·
1100 631 1295 703 sacerdotia
1310 631 1542 724 collegiomm
1556 662 1795 728 summomm,
1820 643 2000 738 impumm
2017 680 2097 729 coe-

40 735 249 806 cedendom
272 735 488 830 presbyteris
510 749 544 806 et
560 736 633 819 illis
652 737 833 830 personis,
860 761 950 832 quae
970 735 1049 806 fue·
1099 733 1254 807 libatum·
1266 735 1450 828 fugientes.
1500 734 1549 809 Et
1565 739 1656 813 liunt
1671 743 1802 814 similia
1819 751 1975 824 amultis
1992 781 2094 848 prae-

40 851 136 908 rnnt
157 836 333 927 obligatae
355 837 448 909 votis
470 839 699 910 monasticis?
725 839 795 911 Hic
810 838 962 910 dicimus
984 863 1048 908 ne-
1098 837 1273 909 stantibus
1298 839 1450 932 ingeniis
1475 839 1514 910 in
1536 842 1657 933 plebe,
1683 871 1774 940 quae
1802 873 1931 942 magno
1955 861 2036 932 usui
2060 879 2092 936 ct

45 940 238 1012 cessariam
253 961 328 1010 esse
341 956 477 1033 partem
492 936 773 1032 reformationis,
797 943 922 1013 tollere
938 941 1045 1033 impia
1098 953 1309 1012 ornamento
1324 937 1504 1013 Ecclesiae
1521 967 1594 1014 esse
1610 961 1783 1038 poterant.
1816 951 1999 1031 Postremo
2016 970 2094 1038 val-

44 1043 213 1126 vincula,
239 1065 329 1136 quae
355 1038 549 1134 prohibent
570 1045 787 1136 coniugium.
839 1041 1047 1116 Conceden-
1098 1043 1143 1112 de
1157 1043 1352 1114 dolendum
1369 1059 1439 1132 est,
1461 1070 1619 1118 summos
1634 1051 1886 1140 gubernatores
1902 1063 2008 1133 malle
2027 1063 2091 1140 ha-

46 1147 137 1217 dum
163 1157 213 1214 est
240 1145 444 1235 coniugium
467 1147 682 1242 presbyteris
703 1161 739 1222 et
758 1146 932 1240 personis,
957 1169 1046 1239 quae
1097 1142 1181 1216 here
1198 1169 1326 1238 magna
1343 1147 1484 1236 agmina
1496 1148 1673 1221 coelibum
1688 1157 1921 1245 sacerdotum,
1948 1163 2089 1256 levium,

49 1250 197 1317 feserunt
211 1245 385 1336 obligatae
403 1248 497 1318 votis
511 1249 729 1332 monasticis,
755 1263 789 1319 et
804 1250 979 1319 abolenda
996 1259 1048 1316 est
1096 1247 1344 1335 indoctomm,
1383 1250 1603 1340 pollutorum
1635 1255 1743 1326 variis
1772 1259 1953 1336 lihidinib.
1983 1295 2088 1362 quam

49 1345 250 1442 prohibitio
270 1349 440 1442 coniugii,
465 1375 555 1444 quae
573 1367 606 1422 et
622 1375 741 1422 caussa
759 1353 827 1422 fuit
845 1351 1044 1441 ingentium
1097 1352 1295 1422 sacerdotes
1317 1352 1463 1422 maritos
1480 1349 1665 1442 honestos,
1690 1355 1807 1430 Deum
1830 1363 2008 1456 timentes,
2033 1397 2090 1446 ca-

48 1465 288 1545 peccatorum,
303 1466 338 1523 et
346 1453 821 1524 innumerabilesanimasin
830 1449 1047 1545 Epicuraeos
1098 1467 1180 1540 stes,
1204 1453 1299 1524 bona
1314 1453 1528 1526 conscientia
1542 1453 1900 1562 DeumUinvooautes,
1922 1475 2090 1552 eruditos.

46 1555 209 1639 furores,
242 1553 282 1622 in
305 1556 587 1646 desperationem
624 1568 659 1625 et
688 1571 870 1628 aeternum
900 1555 1047 1625 exitium
1200 1552 1303 1644 Quae
1318 1580 1401 1626 vero
1418 1571 1596 1650 praeterea
1614 1566 1809 1636 necessaria
1831 1583 1915 1642 sunt
1939 1577 1983 1644 ad
2005 1581 2091 1650 reti-

47 1657 214 1749 impulit,
245 1655 337 1727 sicut
362 1655 496 1727 Paulus
522 1654 614 1729 hanc
643 1653 922 1750 prohibitionem
946 1669 1047 1726 vocat
1098 1657 1252 1727 nendam
1270 1658 1429 1749 coniugii
1449 1654 1688 1745 honestatem,
1715 1674 2010 1748 commendentur
2033 1682 2089 1750 in-

49 1760 251 1831 doctrinam
267 1759 550 1834 daemoniorum.
602 1759 695 1832 Sunt
710 1762 750 1831 in
771 1774 960 1852 conspectu
982 1759 1047 1828 lla-
1097 1759 1200 1828 diciis
1213 1755 1487 1844 Ecclesiasticis,
1513 1763 1576 1833 ubi
1599 1764 1662 1835 illa
1683 1781 1775 1838 recte
1791 1774 1978 1848 constituta
1998 1799 2090 1866 sunt,

48 1862 138 1954 gitia
153 1863 324 1932 etdamna
338 1862 455 1932 abilla
468 1856 714 1952 prohibitione
729 1877 817 1949 orta,
834 1877 929 1934 totus
944 1863 1047 1958 luxus
1098 1865 1238 1932 et‘recte
1255 1864 1539 1938 constituentur!

50 1966 293 2048 sacerdotum,
317 1981 423 2052 vagae
453 1964 639 2050 libidines,
664 1961 862 2057 Epicuraea
889 1964 1048 2056 profani·
1196 1962 1378 2035 Hactenus
1394 1967 1528 2036 dictum
1546 1982 1597 2040 est
1611 1973 1656 2040 de
1671 1973 1832 2046 doctrina
1849 1971 2036 2070 Ecclesiae,
2060 2002 2092 2057 et

51 2083 127 2151 tas,
148 2065 428 2157 desperationes,
455 2079 638 2137 aeternnm
667 2069 813 2138 exitium
836 2068 1048 2148 animarum,
1098 2067 1143 2134 de
1158 2063 1416 2152 Sacramentis,
1443 2092 1529 2162 quas
1540 2093 1600 2140 res
1615 2073 1770 2164 primum
1788 2091 1823 2148 et
1845 2086 2031 2176 praecipue
2056 2091 2093 2160 in

51 2167 214 2262 publicae
231 2187 375 2259 poenae,
397 2193 487 2263 quae
504 2169 673 2240 libidines
688 2171 919 2240 comitantur:
947 2169 1048 2258 Quo·
1097 2163 1275 2250 Ecclesiae
1292 2170 1549 2259 gubernatione
1565 2175 1774 2248 constitutas
1788 2204 1880 2268 esse,
1906 2194 2091 2280 propagari
2131 2269 2139 2280 ,

51 2295 137 2342 rum
157 2270 331 2340 malorum
352 2294 476 2340 omnes
500 2272 552 2341 rei
571 2286 673 2357 sunt,
700 2274 761 2366 qui
780 2272 884 2343 initio
908 2287 1048 2342 autores
1099 2284 1134 2340 et
1158 2272 1360 2341 conservari
1388 2286 1537 2365 oportet.
1596 2273 1758 2372 Cumque
1782 2283 1876 2354 nulli
1902 2305 2094 2377 creaturae,

52 2375 176 2460 legum
191 2374 233 2441 de
249 2373 443 2453 coelibatu,
470 2388 504 2445 et
525 2376 812 2466 comprobatores
825 2377 989 2460 fuerunt,
1016 2387 1050 2444 et
1100 2373 1209 2444 nullis
1232 2374 1364 2464 angelis
1387 2389 1568 2446 aeternum
1599 2391 1632 2448 et
1661 2379 1884 2456 immutabile
1911 2391 2090 2472 decretum

58 2497 156 2546 nunc
178 2474 228 2544 rei
250 2487 332 2546 sunt
353 2476 592 2567 praesentium
617 2491 650 2548 et
667 2479 871 2548 futurorum
889 2491 1050 2570 peccato·
1099 2477 1295 2547 voluntatis
1319 2477 1481 2564 divinae,
1506 2503 1613 2572 quam
1639 2481 1678 2551 in
1702 2479 1898 2576 Evangelio
1924 2497 2095 2584 patefecit,

55 2601 157 2663 rum,
181 2575 242 2669 qui
259 2601 315 2648 eas
331 2577 424 2668 leges
442 2575 514 2648 iam
532 2592 690 2652 tuentur,
1100 2579 1191 2649 acin
1208 2578 1369 2650 doctrina
1385 2594 1419 2650 et
1441 2581 1479 2649 in
1496 2580 1734 2656 Sacramentis
1750 2594 1935 2681 proposuit
1956 2615 2094 2670 satutare

155 2675 209 2750 Ac
223 2682 381 2772 profecto
396 2681 495 2769 triste
511 2683 749 2774 spectaculum
764 2696 826 2768 est,
852 2684 949 2777 quod
963 2676 1051 2752 haec
1099 2679 1223 2767 liceat,
1249 2705 1428 2752 servemus
1450 2683 1488 2753 id
1510 2707 1576 2753 nos
1600 2711 1744 2781 quoque
1769 2691 1956 2766 immotum
1979 2713 2013 2770 et
2037 2703 2095 2772 in-

55 2781 167 2874 impia
189 2783 245 2852 lex
268 2783 471 2854 defenditur
501 2785 702 2875 parricidiis
730 2786 872 2877 piorum
902 2797 935 2856 et
960 2785 1051 2854 bene
1101 2797 1319 2875 corruptum,
1339 2809 1404 2856 nec
1421 2810 1461 2856 ex
1476 2781 1631 2858 humana
1648 2791 1821 2884 sapientia
1844 2796 1980 2891 aliquid
2009 2829 2094 2874 con-

55 2885 264 2956 meritorum
298 2887 537 2972 sacerdotum,
568 2889 660 2958 sicut
691 2887 871 2958 nominari
904 2901 1052 2978 possunt
1101 2899 1154 2955 tra
1176 2881 1434 2976 Evangelinm,
1459 2902 1520 2960 aut
1543 2890 1676 2962 incerta
1699 2909 1839 2984 praeter
1859 2893 2095 2994 Evangelium

56 2987 161 3058 multi
177 2982 331 3072 honesti,
348 2987 412 3079 pii,
435 3003 469 3057 et
486 2989 581 3060 docti
597 2992 802 3074 sacerdotes,
829 2989 891 3084 qui
908 3004 1052 3082 propter
1101 3001 1306 3062 statuamus.
1598 2992 1604 3004 ’

56 3089 283 3180 coniugium,
320 3115 394 3159 non
422 3104 566 3182 propter
592 3092 678 3162 alias
707 3116 846 3162 caussas
876 3093 1052 3163 interfecti
1118 3175 1123 3182 Ὶ
1193 3088 1369 3162 Diabolus
1384 3093 1522 3184 primus
1539 3109 1641 3166 auter
1656 3098 1861 3172 tentationis
1876 3103 1915 3172 in
1932 3113 2095 3197 paradiso

56 3205 150 3262 sunt.
202 3187 372 3263 Ostendit
392 3207 509 3262 autem
525 3208 559 3263 et
575 3190 660 3264 hacc
682 3195 757 3286 ipsa
781 3195 926 3266 saevitia
949 3209 1052 3265 auto-
1102 3194 1149 3261 ita
1165 3193 1303 3285 decepit
1325 3193 1460 3284 primos
1479 3211 1657 3284 parentes,
1680 3213 1800 3289 postea
1824 3199 2016 3280 horribiles
2039 3215 2095 3284 fu-

57 3319 131 3364 rem
149 3294 234 3383 legis
255 3295 300 3364 de
316 3293 493 3366 coelibatu
509 3296 693 3366 diabolum
711 3321 802 3383 esse,
830 3297 990 3390 quicum
1007 3299 1053 3367 sit
1101 3317 1199 3366 rores
1227 3296 1387 3366 accendit
1415 3297 1454 3364 in
1473 3292 1657 3384 Ethnicis‚
1684 3302 1820 3396 decepit
1840 3303 2036 3400 Israe'litas,
2062 3329 2094 3384 et

57 3392 256 3481 homicida,
281 3397 399 3466 munit
414 3409 447 3467 et
461 3399 620 3470 defendit
639 3399 806 3470 iniustam
825 3401 938 3489 legem
955 3413 1052 3471 tanta
1103 3397 1275 3489 populum
1293 3393 1469 3466 Ecclesiae
1486 3413 1565 3488 post
1581 3396 1790 3493 Apostolos,
1816 3421 1857 3477 1¹1
1874 3434 1955 3480 cum
1972 3437 1990 3482 θ
2009 3439 2094 3484 c0¹¹·

59 3498 276 3568 crudelitate.
1102 3512 1225 3590 spectu
1253 3499 1441 3568 amovisset
1472 3501 1521 3570 eis
1549 3504 1699 3574 verbum
1729 3501 1816 3591 Dei,
1849 3524 1883 3581 et
1912 3514 2096 3587 offudisset

161 3597 354 3670 Germania
379 3595 485 3672 habet
500 3602 586 3680 „iam
618 3602 771 3694 amplius
798 3628 905 3696 quam
934 3607 1053 3674 decem
1103 3601 1189 3670 alias
1204 3601 1480 3692 speculationes,
1502 3605 1611 3674 secuti
1629 3620 1713 3676 sunt
1733 3610 1822 3678 varii
1841 3636 1989 3692 errores.
2043 3618 2094 3690 lta

57 3703 175 3772 millia
197 3705 416 3774 sacerdotum
433 3705 663 3788 maritorum,
689 3706 749 3797 qui
770 3701 970 3776 habenttot
986 3702 1053 3776 ho·
1102 3703 1350 3795 sapientissimi
1360 3699 1608 3792 Ethnicorum,
1625 3703 1802 3803 Aegyptii,
1825 3709 2006 3799 Chaldaei,
2028 3721 2096 3817 Sy-

57 3817 177 3874 nestas
200 3805 363 3896 coniuges
386 3819 419 3875 et
446 3807 560 3876 multo
583 3807 702 3896 plures
724 3798 868 3878 liberes.
921 3806 964 3878 In
987 3804 1053 3878 hoc
1102 3805 1207 3889 riasi,
1232 3803 1377 3890 Graeci,
1401 3803 1578 3893 R⁰ffl³¹¹ls
1601 3811 1767 3881 dudaclef
1790 3815 1967 3891 fissssssfflnl
1989 3825 2095 3908 id⁰l³o

58 3921 158 3976 tanto
181 3931 328 3977 numero
354 3907 458 3976 multi
480 3921 583 3991 sunt,
618 3909 679 4000 qui
701 3905 816 3978 Deum
832 3924 927 3980 recte
951 3911 1054 3980 imo-
1103 3921 1138 3979 et
1152 3909 1267 3978 cultus
1283 3911 1563 3979 accommodatos
1579 3912 1622 3979 ad
1642 3935 1703 3982 sua
1720 3913 1881 4006 imperia,
1901 3937 1935 3992 et
1952 3919 2015 3994 hos
2034 3954 2096 3996 vo-

60 4023 159 4092 cant,
186 4023 278 4080 recte
299 4009 459 4081 serviunt
475 4008 513 4078 in
533 4009 750 4094 ministerio,
776 4027 860 4082 sont
883 4013 980 4081 electi
1008 4015 1052 4081 ad
1103 4012 1248 4080 luerunt
1263 4033 1409 4081 snorum
1427 4011 1659 4102 imperiorum
1675 4039 1804 4086 nervos
1818 4045 1901 4092 esse.

63 4125 238 4180 aeternam
264 4113 432 4196 salutem,
467 4125 499 4182 et
523 4111 682 4182 mansuri
706 4125 789 4182 sunt
812 4114 850 4183 in
872 4128 1052 4186 aeternum
1204 4110 1263 4182 Sic
1282 4136 1356 4180 1¹0ss
1383 4111 1485 4181 ludal
1505 4109 1663 4183 Ecclesia
1684 4115 1770 4205 Del,
1796 4147 1870 4192 ⁰⁰¹¹
1890 4141 2093 4222 ‘'lllflffll‘orel

68 4214 221 4284 membra
243 4209 388 4284 Christi.
440 4211 482 4284 ln
510 4215 595 4283 tales
618 4227 734 4284 autem
756 4215 936 4288 saevitiam
956 4241 1055 4288 exer·
1104 4213 1302 4284 doctrinam
1318 4227 1352 4284 et
1365 4213 1479 4282 cultus
1494 4217 1538 4284 ad
1553 4221 1838 4292 commoditatem
1854 4227 2095 4320 imperiorum.

65 4337 141 4382 cere
172 4332 233 4386 aut
268 4341 365 4384 arma
394 4315 583 4406 stringere,
622 4311 841 4386 horrendum
874 4333 1054 4410 peccatum
1105 4317 1166 4386 sed
1189 4315 1337 4386 retineat
1359 4315 1547 4406 puritatem
1567 4320 1666 4388 verbi
1682 4319 1749 4394 Dei
1768 4338 1801 4397 et
1815 4353 1924 4400 unam
1948 4360 2099 4414 consens

60 4431 162 4490 essct.
214 4417 352 4488 Deinde
368 4433 400 4488 et
416 4419 557 4509 publica
574 4414 751 4488 Ecclesiae
768 4423 954 4491 necessitas
969 4447 1055 4492 con·
1105 4419 1251 4488 tientcm
1267 4430 1301 4486 et
1316 4431 1519 4508 perpetuam
1534 4421 1735 4496 doctrinam
1753 4431 1917 4502 traditam
1930 4459 1992 4526 per
2006 4435 2095 4508 Pro-

60 4519 253 4590 sidcranda
271 4533 333 4594 est.
360 4519 436 4590 Nisi
453 4521 548 4590 enim
564 4521 756 4610 abrogatur
771 4523 826 4592 lex
838 4519 891 4618 ³⁹),
906 4525 1056 4594 deerunt
1106 4515 1229 4612 phetas
1253 4534 1287 4590 et
1305 4515 1514 4610 Apostolos:
1541 4524 1632 4594 sicut
1651 4522 1768 4602 Galat.
1786 4531 1816 4604 l.
1841 4535 2010 4628 scriptum
2028 4557 2094 4608 est:

57 4615 232 4694 Ecclesiis
249 4637 406 4715 pastores
423 4635 458 4694 et
469 4623 755 4710 concionatores,
781 4626 863 4720 qnia
880 4649 976 4696 nunc
989 4620 1056 4697 ho·
1106 4617 1155 4692 Si
1173 4617 1332 4714 angelus
1354 4616 1436 4690 Dei
1455 4617 1498 4692 de
1522 4622 1619 4695 coelo
1639 4624 1754 4698 atiud
1765 4627 2015 4728 Evangefium
2033 4637 2098 4710 clo-

59 4725 178 4796 mines
199 4719 360 4810 honesti,
387 4725 550 4796 timentes
565 4722 700 4812 Deum,
721 4741 760 4802 ‚et
781 4723 1056 4800 abhorrentesa
1109 4720 1218 4804 eadit,
1259 4733 1405 4822 praeter
1437 4721 1483 4792 id
1512 4723 1616 4824 quod
1646 4721 1771 4819 docui,
1804 4731 2005 4810 anathema
2039 4743 2099 4817 sil.

57 4827 277 4898 libidinibus
302 4821 394 4898 hanc
418 4827 599 4920 ipsamob
623 4851 779 4900 caussam
795 4827 1059 4902 Ecclesiasticos
1108 4823 1292 4899 Omnibus
1313 4821 1521 4898 homiuibus
1544 4833 1748 4902 mandatum
1772 4851 1842 4922 est,
1865 4851 1906 4910 ut
1926 4835 2017 4915 hanc
2039 4871 2098 4916 ve-

56 4932 195 5024 gradus
218 4944 336 5023 petere
357 4931 504 5014 nolunt,
529 4930 614 5024 quia
638 4931 869 5003 conscientias
889 4957 972 5004 suas
992 4929 1059 5005 hoc
1108 4953 1186 5002 ram
1212 4928 1412 5000 doctrinm
1440 4931 1581 5000 unicam
1606 4933 1649 5001 de
1671 4931 1747 5004 D0⁰
1771 4949 1805 5007 ⁰²
1825 4953 2002 5016 aeternam
2027 4951 2100 5018 ‘¹5⁸-

56 5033 230 5114 vinculo,
257 5047 292 5104 et
309 5029 548 5126 hispeccatis,
574 5055 665 5126 quae
683 5033 793 5122 legem
818 5037 862 5104 de
885 5037 1059 5110 coelibatu
1111 5045 1204 5114 caut,
1228 5031 1463 5102 confiteantur
1478 5046 1512 5102 et
1527 5045 1706 5120 tueantur,
1719 5037 1986 5118 sicutaeternus
2004 5067 2097 5144 pater

54 5149 273 5230 sequuntur,
297 5159 446 5206 onerare
460 5135 600 5204 nolunt.
652 5133 753 5206 Sicut
769 5149 906 5205 constat
922 5139 1061 5232 aliquos
1111 5135 1239 5205 clamat
1261 5133 1306 5202 de
1326 5132 1419 5202 fillo:
1453 5129 1565 5203 Hunc
1583 5129 1721 5212 audife-
1772 5135 1860 5214 llem
1886 5145 2017 5221 Motlh·
2045 5159 2101 5230 10.

56 5238 307 5312 nobilissimos
321 5235 525 5327 principes,
550 5233 727 5323 Comites,
753 5248 787 5308 et
808 5238 942 5310 multoe
959 5255 1062 5312 natos
1111 5229 1193 5332 Qui
1203 5257 1259 5303 me
1275 5227 1503 5326 confitebitur
1518 5258 1640 5306 coram
1656 5231 1886 5332 honitatem,
1912 5247 2105 5345 confitebor

1113 5345 1145 5407 et
1164 5359 1229 5432 ego
1246 5360 1324 5406 eum
1340 5359 1463 5406 soram
1475 5345 1581 5435 patre
1596 5363 1674 5412 meo
1688 5341 1842 5424 coelesti.
1867 5347 1972 5424 Nunc
1986 5360 2104 5451 sequi-

1114 5454 1174 5510 tur
1195 5439 1299 5511 tertia
1316 5463 1398 5530 pars
1415 5439 1533 5532 operis
1551 5441 1594 5510 de
1618 5444 1816 5520 ministerio
1831 5449 2038 5546 Evangelii,
2067 5461 2103 5530 in

98 5567 147 5632 ss)
166 5567 231 5622 Pes.
250 5567 299 5618 tex
313 5568 349 5618 ee
364 5563 512 5616 caeteram.
1115 5565 1183 5635 qua
1206 5555 1306 5634 parte
1320 5555 1355 5611 et
1369 5543 1413 5612 de
1429 5542 1590 5636 personis
1606 5567 1646 5614 ac
1662 5547 1706 5616 de
1719 5543 1905 5646 Episcopis
1921 5559 2067 5636 dicetur,

60 5649 246 5714 dlectare.
261 5644 365 5711 Ores.
394 5643 477 5708 Vos.
490 5643 533 5708 V.
1300 5639 1352 5712 40
