4842 6256
66 343 145 428 ets
650 334 1336 420 nr1sronanoun1n1u
1389 339 1521 420 ists.
2030 359 2108 440 24⁶

71 533 160 594 runt
190 518 374 602 distracta,
403 529 446 588 ut
477 514 613 609 ubique
645 525 735 584 esset
754 535 933 584 summum
954 511 1065 582 silen—
1115 501 1217 604 μόνα
1233 531 1306 581 esse
1320 534 1435 582 unum
1449 513 1495 583 de
1507 515 1764 606 cognitoribus,
1790 524 1853 617 qui
1868 525 2036 620 disignati
2050 537 2105 608 di·

73 625 176 697 tium.
229 619 340 691 Mane
356 617 545 706 recognita
556 616 697 710 insequi
713 615 858 706 placuit.
898 611 977 685 Hoc
995 610 1065 682 tli-
1118 623 1250 682 cuntur
1275 612 1320 681 ad
1336 617 1612 687 controversiam
1624 616 1850 714 Lycaoniam.
1900 625 2020 727 Atque
2041 661 2104 728 ego

74 722 211 818 spaniei
234 735 269 792 ct
290 719 405 791 Italici
432 718 630 790 consiliarii
658 716 860 808 impediisse
882 728 1065 808 putantur.
1118 713 1224 784 audio
1238 713 1324 784 ferri
1338 716 1560 787 conditiones
1574 722 1769 795 mediocres
1792 722 1887 821 ὑμῖν
1902 729 1971 806 τὸν
1984 763 2106 836 παρα.

78 825 198 902 Secuti
212 837 309 907 tum,
332 843 533 915 quanquam
551 820 683 904 serius,
708 815 901 903 Germani,
931 829 966 887 et
989 829 1067 885 tru-
1117 810 1466 914 ypepmdsfortasse
1479 813 1702 894 huiusmodi:
1724 831 1980 924 postulabitur,
1993 852 2034 910 ut
2048 865 2106 912 rc-

80 929 245 1000 cidarunt
259 924 415 1016 aliquos,
439 936 473 992 et
485 921 680 993 nonnullos
698 931 877 1012 ceperunt.
910 915 1069 988 ‘Dicitur
1119 917 1284 1002 stimant,
1315 930 1357 987 ut
1377 918 1445 1011 ipsi
1468 920 1589 1008 illum,
1622 926 1816 1018 intelligis?
1870 933 1960 1008 Nam
1982 955 2106 1014 comm

83 1031 252 1100 adductus
275 1024 461 1096 Masurius
476 1020 639 1093 Gallicus
662 1023 741 1094 τῶν
767 1015 912 1112 ταχέων
933 1014 989 1100 τὶς
1021 1019 1067 1088 ad
1119 1017 1337 1089 voluntatem
1355 1017 1514 1091 Caesaris
1530 1037 1565 1094 et
1579 1027 1846 1118 permissionem
1862 1040 2027 1110 ordinum
2046 1068 2107 1114 re..

87 1127 276 1201 Caesarem.
327 1123 445 1215 Rogat
457 1121 603 1209 Caesar,
627 1122 692 1194 ubi
706 1146 768 1194 rex
779 1122 848 1192 sit?
898 1118 1068 1205 Discedit,
1120 1119 1229 1190 tineri
1262 1120 1301 1188 in
1336 1145 1411 1192 rem
1431 1125 1583 1194 alienam
1604 1140 1750 1220 putatur
1774 1157 1847 1204 esse
1872 1137 2105 1216 intolerabile.

93 1230 205 1322 inquit
220 1225 353 1298 Gallus.
393 1224 505 1309 Itane,
521 1225 642 1319 inquit
656 1221 803 1307 Caesar,
827 1221 905 1291 fieri
920 1234 1070 1314 oportet,
1121 1218 1354 1292 Conditiones
1368 1223 1478 1312 igitur
1491 1249 1581 1318 quae
1597 1231 1704 1300 sunt?
1753 1231 1874 1308 Nescis
1893 1232 2015 1317 πόθεν
2030 1242 2105 1346 γὰρ

91 1353 168 1402 curn
189 1331 231 1398 de
251 1342 408 1420 tempore
424 1327 608 1398 conflictus
629 1323 857 1396 convenerit?
887 1321 990 1409 Non,
1011 1323 1069 1392 in·
1121 1317 1266 1416 ἒνὸείην
1285 1317 1383 1421 lyci?
1440 1323 1512 1397 Sed
1541 1330 1762 1422 suspicemur
1789 1360 1861 1410 esse
1881 1342 1969 1414 tales
1990 1350 2107 1438 prius-

87 1431 161 1524 quit
178 1427 322 1514 Gallus,
347 1453 410 1521 per
431 1451 549 1518 regem
570 1428 685 1512 stetit,
709 1425 916 1519 quominus
931 1446 1069 1517 pugna·
1122 1448 1227 1516 quam
1245 1424 1285 1492 in
1301 1426 1554 1517 possessionem
1569 1433 1752 1517 redeatis,
1766 1442 1915 1534 quisese
1930 1447 2105 1520 deiectum

83 1543 190 1604 retur.
242 1525 293 1602 At
307 1530 389 1616 ille,
415 1528 534 1622 iuquit
547 1527 693 1610 Caesar,
718 1528 751 1597 si
762 1540 803 1598 ut
817 1541 945 1597 noctua
962 1527 1002 1596 in
1016 1539 1070 1596 te-
1122 1525 1300 1618 qucritur,
1324 1540 1365 1596 ut
1379 1542 1543 1600 caveatur
1558 1534 1786 1625 adversariis,
1800 1564 1847 1613 ne
1863 1569 2020 1639 unquam
2040 1551 2107 1624 ista

82 1632 204 1704 nebris
220 1631 287 1701 iter
302 1632 415 1701 lacere
430 1645 569 1722 pergat,
595 1643 630 1700 et
647 1653 709 1720 ego
725 1628 916 1712 interdiu,
937 1627 1070 1697 utheri
1121 1650 1177 1696 res
1191 1627 1277 1718 ipsis
1293 1631 1486 1718 posterisve
1505 1631 1662 1724 ipsorum
1676 1639 1794 1711 fraudi
1818 1645 1866 1716 sit
1889 1650 1965 1720 ullo
1989 1654 2108 1741 modo,

83 1735 191 1818 solet,
220 1732 260 1800 in
293 1755 417 1826 campo
450 1733 659 1817 consistam,
690 1731 835 1824 quando
864 1728 1070 1818 congredie-
1121 1740 1226 1821 atque
1248 1753 1372 1800 omnes
1395 1736 1674 1823 controversiae,
1700 1765 1789 1833 quae
1811 1739 1896 1819 huie
1920 1774 2000 1820 cum
2020 1755 2108 1824 civi.

81 1834 188 1906 mur?
238 1831 318 1902 Hoc
349 1831 474 1922 gallico
507 1856 669 1903 sermone
701 1844 867 1901 narratur
898 1829 1071 1915 festivius,
1121 1831 1252 1900 tatibus
1277 1843 1378 1918 sunt,
1402 1834 1628 1923 decidantur,
1651 1863 1740 1911 neve
1752 1844 1933 1936 religionis
1947 1866 2110 1942 praetex-

84 1936 251 2031 quodque
273 1928 364 2002 mihi
391 1934 430 2002 in
448 1929 595 2004 Caesare
619 1927 781 2004 hilaritas
796 1932 859 2001 illa
872 1931 976 2002 valde
992 1932 1071 2024 pla·
1122 1944 1162 2001 tu
1185 1931 1374 2024 quicquam
1396 1936 1515 2004 moliri
1541 1933 1600 2007 hic
1621 1941 1724 2013 ausit.
1773 1941 1891 2018 Etiam
1906 1952 1950 2022 de
1968 1954 2108 2046 impen-

84 2039 229 2120 cuissct,
260 2034 342 2104 ideo
365 2035 495 2104 referre
517 2034 627 2105 volui.
677 2033 770 2104 Nam
784 2031 898 2128 Cyrus
918 2057 979 2104 rer
996 2056 1071 2102 ma·
1122 2031 1170 2101 sis
1188 2033 1227 2101 in
1249 2032 1384 2103 bellum
1406 2035 1539 2128 aliquid
1557 2043 1669 2133 {acqui
1683 2045 1837 2136 benigne
1852 2052 1997 2124 fortasse
2013 2057 2109 2129 dice-

82 2139 198 2210 ximns
214 2135 299 2220 suit,
324 2134 354 2203 si
369 2131 800 2226 Xenophonticredimus,
820 2130 1072 2229 χαριέστατος.
1122 2133 1193 2203 t'ur.
1249 2131 1357 2204 Fiant
1384 2134 1491 2223 igitur
1517 2136 1706 2236 συνθῆκαι
1733 2143 1865 2246 ἀγαθῇ
1893 2146 2006 2250 τύχῃ,
2041 2183 2109 2251 pax

86 2238 138 2312 lta
159 2238 271 2328 igitur
293 2236 477 2306 redierunt
493 2235 539 2306 ¹iu
558 2250 670 2308 castra
693 2234 832 2306 Gallica
857 2233 1073 2320 Caesariani,
1125 2232 1215 2307 ἄνευ
1230 2227 1345 2307 δόλου
1358 2231 1421 2306 καὶ
1436 2229 1588 2332 ἀπάτης.
1640 2242 1740 2317 Itane
1757 2273 1861 2337 vero,
1887 2254 2026 2350 inquiat
2044 2262 2110 2332 ali-

86 2343 125 2411 in
143 2340 275 2434 quibus
298 2361 381 2407 sane
403 2337 539 2431 aliquid
563 2350 741 2430 repertum
762 2337 850 2421 fuit,
872 2338 933 2406 sed
958 2337 1073 2429 pluri-
1125 2337 1226 2429 quis,
1262 2337 1338 2406 sine
1371 2341 1630 2430 sponsoribus?
1689 2345 1861 2438 Minime,
1892 2360 1954 2427 sed
1988 2364 2108 2433 omnia

85 2466 186 2512 mum
207 2439 408 2510 sauciorum
429 2452 465 2508 et
493 2439 751 2529 aegrotantium
777 2451 812 2508 et
832 2438 983 2508 aliorum
1003 2438 1073 2506 mi·
1125 2439 1290 2522 fortasse,
1314 2461 1404 2531 quae
1425 2440 1663 2530 timebantur,
1688 2449 1789 2520 nullo
1813 2457 1920 2527 modo
1941 2474 2110 2550 poterunt

88 2544 206 2614 lirum,
1125 2537 1204 2608 tolli
1227 2562 1246 2606 e
1265 2540 1403 2625 medio,
1435 2564 1510 2611 non
1531 2547 1637 2614 modo
1654 2570 1674 2617 a
1696 2547 1862 2642 Caesare,
1886 2562 1947 2630 sed
1967 2557 2046 2634 οὐδ’
2062 2561 2109 2660 ἢν

186 2641 315 2712 Fertur
329 2654 463 2725 autem,
488 2639 622 2730 pedites
639 2637 837 2710 Germanos
851 2652 884 2710 et
891 2636 1073 2710 Helvetios
1124 2633 1214 2718 θεὸς
1230 2633 1342 2720 αὐτὸς
1356 2634 1496 2736 ἔπεχθῇ
1503 2693 1515 2727 ,
1540 2657 1581 2716 ut
1597 2646 1645 2717 ita
1661 2649 1799 2745 loquar.
1832 2655 1945 2750 Saepe
1961 2659 2052 2734 mihi
2069 2669 2108 2738 in
2129 2681 2133 2688 ’

88 2745 279 2815 conductos
301 2765 322 2812 a
346 2740 483 2826 Gallis,
517 2765 671 2834 quorum
693 2734 730 2809 hi
745 2741 789 2810 ad
813 2739 929 2821 Xm„
952 2740 1009 2809 illi
1028 2741 1073 2810 ad
1125 2739 1410 2828 tractationibus,
1434 2745 1629 2839 dequibus
1651 2754 1758 2824 audio
1781 2755 1977 2850 interdum,
2002 2767 2109 2840 nimis

90 2843 143 2916 tt
161 2871 209 2920 m.
236 2867 310 2916 esse
336 2839 594 2934 perhibentur,
625 2841 722 2935 qnod
748 2829 912 2912 Carolus
939 2843 1075 2911 adesset
1125 2841 1265 2910 videtur
1279 2842 1417 2913 curiosa
1432 2867 1505 2914 esse
1520 2841 1679 2920 historia.
1727 2853 1819 2927 Nam
1836 2860 1919 2932 istas
1936 2867 2110 2943 callidita-

96 2961 208 3018 ronna
223 2967 407 3017 conserere
427 2965 554 3015 manus
575 2943 744 3016 noluisse.
794 2941 920 3014 Postea
941 2944 985 3012 ad
1007 2941 1075 3014 Sa·
1126 2956 1178 3014 tes
1197 2945 1277 3015 τῶν
1289 2949 1457 3036 νομικῶν
1477 2970 1557 3018 non
1572 2951 1761 3043 attingam,
1786 2981 1826 3030 ac
1848 2962 1887 3034 fit
1908 2977 2003 3055 tum,
2030 2996 2110 3044 eum

92 3048 330 3118 morabrinam
352 3045 470 3138 copias
491 3044 591 3116 duxit
608 3041 753 3129 Caesar,
778 3057 832 3130 et,
852 3043 935 3137 quia
952 3043 1076 3115 suisset
1126 3043 1297 3115 cautiores
1306 3041 1466 3143 ἐφέδρου
1482 3051 1648 3123 omnibns
1663 3059 1829 3146 periculis
1843 3069 2020 3158 oppositas
2037 3097 2111 3144 esse

91 3145 204 3220 Gallis
219 3148 367 3241 aequior
381 3171 487 3240 quam
503 3145 572 3216 sibi
588 3145 722 3230 civitas,
736 3145 905 3214 mulctam
925 3145 1016 3216 dixit
1030 3144 1076 3214 il·
1127 3146 1342 3232 existimant,
1358 3161 1398 3218 ut
1410 3149 1661 3245 relinquantur
1673 3180 1775 3253 saepe
1790 3157 1846 3233 his
1861 3169 2005 3260 quidam
2023 3199 2112 3268 qua.

89 3251 150 3338 lis,
183 3250 318 3334 decies,
350 3244 521 3320 adhibitis
547 3248 678 3336 regulis
702 3247 838 3338 aliquot
857 3244 1075 3333 Teutonicis,
1126 3249 1157 3317 si
1179 3249 1392 3318 decumanae
1411 3265 1533 3341 portae
1556 3255 1689 3343 aditus;
1723 3268 2021 3354 quemadmodum
2047 3299 2110 3367 ego

89 3375 134 3421 ne
155 3364 280 3424 contra
302 3350 443 3442 imperii
465 3349 544 3420 iura
568 3349 706 3442 aliquid
725 3369 798 3418 asc
811 3359 928 3418 actum
941 3349 1076 3418 dicere-
1127 3349 1165 3417 in
1180 3348 1346 3418 incendio
1371 3347 1614 3442 Tubingcnsi,
1640 3359 1740 3430 cuius
1770 3387 1866 3436 nunc
1895 3371 2000 3440 etiam
2030 3401 2110 3448 cum

87 3467 162 3524 tur.
214 3449 331 3545 Atque
345 3453 393 3522 ita
408 3451 496 3521 urhe
509 3450 647 3521 munita
668 3463 702 3520 et
718 3448 893 3539 pracsidio
909 3448 1075 3540 imposito
1127 3471 1254 3539 magno
1277 3451 1401 3519 dolore
1423 3453 1535 3521 animi
1558 3460 1742 3546 recordor,
1768 3465 1911 3538 deiectis
1931 3471 1970 3541 in
1986 3475 2111 3548 cellam

90 3555 281 3646 plerosque
293 3554 423 3624 milites
437 3576 477 3622 ac
495 3551 631 3645 equites
647 3549 960 3639 benignedimisit.
997 3547 1076 3642 lpse
1128 3551 1194 3620 sub
1217 3562 1311 3620 terra
1330 3551 1460 3620 reculis
1484 3556 1650 3629 omnibus
1669 3563 1758 3631 meis
1779 3589 1858 3637 cum
1880 3570 1962 3642 fimo
1976 3599 2015 3646 ac
2033 3579 2110 3650 luto

90 3654 250 3744 primum
274 3649 542 3745 Antwerpiam',
566 3676 649 3721 mox
670 3651 812 3744 Spiram
844 3653 890 3722 ad
923 3675 1078 3721 consen·
1128 3652 1257 3722 ostium
1273 3652 1553 3743 obturasscmus,
1576 3675 1697 3752 postea
1713 3664 2025 3747 animadvertimus
2047 3704 2113 3750 ne·

89 3769 169 3826 tum
187 3756 476 3847 seprosecturnm
490 3754 655 3826 ostendit.
703 3751 874 3822 Nostrum
881 3746 920 3849 ¹⁵)
943 3753 1077 3847 princi·
1128 3755 1274 3845 glectam
1294 3754 1333 3822 in
1349 3754 1601 3846 trepidatione,
1627 3757 1663 3836 h.
1679 3787 1709 3837 e.
1733 3767 1844 3838 nimia
1860 3778 2011 3865 quadam
2029 3807 2111 3852 cur-

91 3881 173 3948 pcm
190 3857 428 3926 amantissime
451 3852 747 3944 complexusluit.
797 3850 834 3922 ls
859 3855 1078 3924 cumomni·
1128 3879 1164 3924 sa
1176 3848 1270 3951 (θ’)
1286 3856 1476 3924 fenestram
1489 3881 1594 3949 supra
1610 3863 1648 3931 in
1664 3867 1781 3938 medio
1797 3887 1991 3946 contectam
2006 3883 2112 3954 fuisse

93 3961 162 4028 bus
179 3958 271 4038 suis,
297 3981 370 4026 uno
388 3957 509 4026 saltem
526 3953 644 4048 equite
660 3954 699 4022 in
714 3953 785 4023 levi
798 3955 935 4045 proelio
949 3957 1076 4026 amisso
1128 3957 1265 4049 aliquot
1296 3957 1463 4048 plaustris
1493 3961 1613 4032 aridae
1644 3970 1822 4046 materiae.
1882 3974 1973 4064 Quis
2006 3982 2114 4072 igitur

93 4081 255 4129 reversus
270 4057 460 4127 incolumis
481 4055 622 4126 transiit
637 4050 703 4124 hac
725 4056 858 4124 nudius
883 4056 1005 4126 tertius
1024 4059 1079 4127 fe·
1130 4071 1205 4128 tum
1227 4052 1316 4126 mihi
1338 4081 1414 4127 mea
1443 4063 1617 4132 servavit?
1675 4066 1919 4146 Consiliumne
1940 4077 1984 4150 'et
2007 4108 2113 4175 opera

94 4160 348 4231 stinantissime
364 4171 483 4228 vectus
498 4157 630 4228 essedo.
682 4153 753 4225 Sed
777 4149 1013 4243 haecomnia,
1037 4171 1079 4228 ut
1129 4159 1232 4228 mea?
1251 4153 1307 4238 τίς
1320 4151 1466 4232 τούτων
1479 4159 1584 4236 ἕνεκα
1596 4164 1713 4240 aoivd'
1730 4167 1842 4246 οὐδὲν
1853 4167 1903 4270 ἦν
1917 4177 1979 4256 ἔτι.
2014 4183 2114 4274 Qua·
2208 4193 2217 4202 '

93 4276 199 4350 puto,
223 4261 294 4329 iam
316 4260 454 4329 dudum
474 4255 664 4342 rescivisti,
689 4281 805 4351 neque
829 4280 892 4347 ego
908 4271 978 4328 tam
994 4283 1079 4351 pro-
1130 4273 1275 4350 propter
1289 4260 1395 4332 laudo
1410 4257 1641 4354 Euripideum
1658 4275 1882 4348 sententiam:
1914 4279 1958 4353 τὸ
1984 4289 2115 4383 cuprio

94 4363 165 4432 lire
184 4383 328 4432 narrare
350 4359 591 4444 institueram,
633 4359 767 4428 veritus
790 4359 998 4450 paesertim,
1032 4383 1078 4428 ne
1132 4358 1176 4432 οὐ
1197 4354 1330 4455 σοφίας
1366 4384 1442 4430 non
1472 4367 1568 4458 quod
1595 4370 1779 4443 stultitiam
1804 4392 1837 4448 et
1865 4384 2113 4475 negligentiam

93 4489 169 4534 non
185 4464 292 4532 modo
309 4485 328 4530 a
346 4459 586 4530 describendis
600 4453 674 4542 his,
697 4473 739 4530 ut
754 4458 822 4544 ais,
847 4460 908 4529 scd
932 4461 1080 4530 etiama
1131 4461 1295 4554 probem,
1331 4463 1391 4531 sed
1415 4466 1499 4558 quia
1521 4493 1643 4540 verum
1666 4488 1775 4565 puto,
1800 4501 1920 4572 sapere
1945 4509 2017 4556 esse
2039 4514 2113 4559 non

91 4563 254 4656 legendis
273 4557 491 4634 abhorreres.
540 4557 742 4631 Praefectus
763 4573 881 4631 antem
899 4585 1080 4631 commen·
1131 4561 1282 4634 nimium
1301 4586 1433 4655 sapere.

91 4663 323 4738 tariosetiam
346 4663 497 4734 confecit
518 4660 696 4747 omnium3
727 4661 890 4732 sedilios
920 4685 984 4753 ego
1004 4686 1080 4734 non

117 4768 169 4786 ..
271 4765 280 4784 ,
796 4762 805 4782 ,
1235 4696 1306 4768 Sed
1324 4699 1430 4768 redeo
1446 4701 1489 4768 ad
1507 4704 1699 4794 superiora.
1739 4707 1881 4784 Dicitur
1900 4716 2024 4808 ingens
2042 4743 2116 4794 esse

91 4769 183 4838 vrdr.
233 4761 350 4836 Aiunt
364 4778 399 4834 et
413 4756 624 4835 Gerurdum
637 4775 772 4855 partem
794 4763 937 4834 illarum
962 4788 1081 4836 rerum

1134 4800 1273 4892 pondus
1297 4794 1515 4883 chartarum,
1540 4804 1580 4872 in
1601 4807 1731 4898 quibus
1751 4815 1941 4908 perscripta
1966 4821 2010 4890 sit
2031 4815 2118 4918 Ly-

1136 4895 1304 4970 caonicoe
1326 4922 1458 4970 causac
1480 4897 1645 5002 defensio
1667 4922 1701 4980 et
1717 4916 1889 4987 accusatio
1905 4925 1974 4992 τοῦ
1986 4917 2116 5008 δεῖνος.

1135 4999 1250 5072 Credo
1265 5023 1337 5070 esse
1351 5003 1461 5072 multa
1480 5007 1655 5096 sapienter
1677 5033 1696 5080 a
1710 5014 1927 5105 sapientibus
1944 5024 2029 5095 viris
2045 5028 2118 5097 col-

1136 5105 1243 5188 lecta,
1275 5103 1336 5172 scd
1369 5097 1460 5171 mihi
1493 5105 1674 5179 inanimo
1697 5127 1747 5183 est
1770 5111 1986 5192 homericum
2010 5126 2116 5197 illud:

1137 5203 1255 5278 ἐπέων
1268 5197 1309 5276 δὲ
1321 5197 1435 5284 πολὺς
1447 5201 1561 5298 νομὸς
1577 5206 1672 5282 ἔνθα
1684 5210 1748 5288 καὶ
1762 5214 1869 5293 ἔνθα.
1905 5221 2036 5298 Tibine
2052 5229 2120 5322 igi.

130 5339 163 5406 *)
181 5339 316 5393 rostrum
331 5334 392 5390 dedi
406 5353 455 5406 pro
469 5351 553 5393 nom,
571 5336 644 5405 qnod
659 5335 739 5388 habet
750 5333 925 5403 apographon
937 5335 1002 5390 mibi
1017 5337 1085 5392 mis·

165 5438 240 5476 snm.
277 5419 407 5472 Nostrum
423 5417 588 5487 compendio
603 5418 734 5540 scribtum
749 5415 816 5474 ffii
827 5417 906 5474 facile
920 5417 1018 5490 legitur
1034 5440 1084 5494 pro

166 5505 245 5548 mm.
281 5487 412 5558 Princeps
425 5495 466 5540 cst
479 5484 641 5553 Mauritius,
686 5506 721 5560 nx
734 5487 876 5546 saxoniae.
1171 5493 1201 5562 *)
1218 5493 1266 5550 Sic
1277 5493 1407 5566 scriptum
1421 5504 1470 5551 est.

1332 5561 1411 5642 16*

91 4869 211 4942 literis
233 4868 436 4950 mandasse,
458 4879 494 4936 et
516 4865 666 4936 alterum
683 4866 860 4957 quendam
880 4863 1082 4936 Lovauien-

90 4995 168 5040 sem
186 4992 283 5040 nunc
297 4989 385 5059 opus
403 4959 571 5036 historiae
585 4961 693 5036 huius
709 4965 748 5034 in
765 4966 930 5036 manibus
942 4964 1082 5041 habere.

92 5071 177 5142 Hoc
198 5094 283 5140 vero
304 5069 573 5158 significandum
595 5068 661 5138 tibi
686 5067 793 5151 duxi,
819 5081 982 5140 nostrum
998 5066 1085 5172 ἥγε·
