4842 6256
76 337 158 416 20⁹

79 524 153 596 est,
198 504 285 602 οὐχ’
320 503 403 604 dois]
437 503 545 609 γινιὴ
580 503 679 582 κακὰ
712 501 864 605 ῥάπτειν
902 501 1081 603 ἀλλήλων.

80 611 206 704 Quare
223 612 380 704 pericula
398 613 658 702 intelligamus,
691 628 726 683 et
746 615 898 702 impetus
918 615 1082 682 modere-

79 741 165 786 mur
179 715 333 808 quadam
349 713 534 805 diligentia
549 714 656 804 digna
674 715 742 806 piis
760 727 794 784 et
809 713 967 786 eruditis.
1002 709 1079 800 Ego

80 819 230 914 quidem
246 841 311 886 oro
326 813 442 886 Deum
460 831 644 887 aeternum
659 831 794 909 patrem
813 815 951 886 domini
965 815 1079 888 nostri

80 917 164 992 lesu
178 913 334 1001 Christi,
358 932 398 987 ut
412 933 556 1010 propter
570 917 684 988 filium
700 943 757 988 me
774 917 901 1007 spiritu
917 941 981 988 suo
995 941 1078 988 san-

83 1035 141 1092 cto
156 1032 269 1110 regat,
294 1019 386 1088 sicut
407 1014 688 1090 dixitChristus:
721 1015 791 1110 οὐχ
811 1013 917 1110 ὑμεῖς
940 1013 1019 1092 ἐστὲ
1043 1017 1078 1090 οἱ

88 1127 278 1202 λαλοῦντες
298 1115 392 1194 ἀλλὰ
415 1117 458 1192 τὸ
483 1125 631 1212 πνεῦμα
651 1125 721 1196 τοῦ
742 1115 883 1216 πατρὸς
902 1115 1014 1214 ὑμῶν
1033 1116 1077 1192 τὸ

93 1221 277 1296 ὶαλοῦνέν
297 1217 403 1316 ὑμῖν.
455 1221 594 1316 Spiritu
615 1237 736 1294 sancto
756 1223 945 1292 flectantur
966 1221 1077 1292 animi

90 1325 202 1396 nostri
223 1325 267 1394 ad
290 1323 467 1409 salutaria,
525 1323 575 1398 Et
598 1348 677 1396 mea
705 1323 853 1397 consilia
884 1323 951 1395 scis
975 1347 1077 1416 saepe

83 1427 191 1496 luisse
206 1417 498 1521 συμβιβαστικά.

184 1557 272 1628 Vidi
299 1561 437 1630 editum
466 1583 486 1629 a
514 1573 549 1630 te
576 1559 739 1628 libellum
761 1551 939 1654 Agendae
959 1557 1076 1643 titulo,

78 1659 145 1754 qui
162 1657 253 1729 mibi
266 1662 392 1752 placet.
442 1659 482 1732 Si
499 1661 537 1730 iu
552 1656 757 1731 huiusmodi
773 1661 899 1730 formis
920 1683 960 1729 ac
982 1660 1076 1751 poli-

77 1763 138 1834 ciis
159 1761 325 1832 ecclesiae
346 1763 449 1832 etiam
467 1757 640 1833 iudicium
657 1763 928 1832 ecclesiasticum
943 1761 1085 1831 consti:
1124 1844 1219 1902 ceno
1238 1831 1363 1919 gradui

77 1864 133 1934 tui
156 1875 294 1954 posset,
334 1878 374 1934 ut
394 1863 523 1934 alicubi
550 1859 716 1934 inchoata
739 1887 794 1934 res
815 1877 885 1949 est,
923 1887 1075 1932 exerceri

78 1965 250 2058 privatim
272 1965 311 2034 in
333 1967 492 2054 singulos
514 1979 735 2035 contumaces
758 1965 1074 2035 excommunicatio

78 2079 213 2160 posset.
267 2064 373 2136 Nunc
395 2067 434 2136 in
457 2063 523 2136 bac
545 2067 775 2158 dissipatione
799 2067 963 2136 ecclesiae
991 2065 1076 2136 'satis

79 2183 152 2252 est,
193 2181 228 2238 te
249 2191 314 2259 pro
338 2169 508 2239 concione
534 2192 734 2260 proponere
762 2168 1075 2238 comminationem

78 2271 225 2342 divinae
246 2270 319 2338 irae
334 2284 368 2339 et
382 2293 576 2362 poenarum
593 2272 760 2340 adversus
777 2283 1019 2354 contumaces,
1041 2282 1076 2340 et

79 2371 250 2464 privatim
271 2393 331 2440 eos
350 2395 469 2440 arcere
490 2394 510 2441 a
526 2394 633 2441 coena
649 2371 804 2457 domini,
831 2372 860 2440 si
878 2372 942 2466 qui
957 2385 1074 2441 tamen

79 2476 125 2544 ad
150 2497 228 2542 eam
251 2473 414 2542 accedere
437 2473 580 2558 volunt;
619 2497 702 2544 nam
733 2473 837 2542 multi
867 2465 1075 2545 αὐτοκατά-

79 2599 199 2668 κριτοι
220 2574 429 2666 relinquunt
451 2576 642 2649 ecclesiam.
693 2572 861 2644 Carmina
876 2576 975 2644 brevi
990 2574 1075 2643 mit-

80 2690 165 2749 tam.
217 2675 272 2746 Te
287 2676 414 2743 vellem
430 2699 575 2766 prorsus
591 2672 683 2744 nibil
699 2679 914 2768 respondere
931 2675 1075 2745 insulsis

82 2777 269 2870 poetastris
283 2772 522 2873 Bavaricis*).
572 2775 670 2848 Bene
686 2780 774 2851 vale.
802 2779 836 2852 d.
852 2777 913 2852 25.
925 2773 1075 2851 Octobr.

90 2871 265 2975 ssss.··)

76 3279 146 3352 No.
161 3277 275 3350 2786.

82 3373 263 3406 Μ

166 3461 387 3546 Iudicium
407 3460 462 3546 de
482 3466 752 3572 impositione
772 3489 991 3549 mannum.
1033 3527 1036 3530 -

907 3284 992 3362 (sod.
1009 3281 1057 3360 d)

895 3371 1068 3404 Μ

152 3637 265 3694 Editnm
279 3639 413 3694 aPeaelio
427 3639 455 3693 in
466 3639 597 3694 Melanch.
612 3638 717 3698 Consil.
731 3641 776 3696 lat.
791 3639 822 3696 P.
834 3639 855 3694 l.
868 3658 895 3712 p.
909 3638 961 3694 §io
969 3656 1029 3710 sqq.
1041 3669 1077 3682 -

187 3709 374 3793 Apograpboo
394 3707 424 3762 in
442 3708 505 3762 sod.
527 3709 637 3764 Mosae.
653 3711 688 3766 ll.
711 3727 739 3781 p.
752 3709 811 3765 167.
832 3737 866 3750 -
903 3709 1017 3764 Missum
1037 3715 1077 3761 est

184 3777 319 3900 {prompt
340 3788 398 3832 turn
424 3776 458 3832 ad
475 3775 568 3832 Vitum
585 3776 760 3834 Theodorum
784 3797 850 3837 eum
868 3777 980 3851 epistola
1000 3775 1028 3832 d.
1048 3777 1076 3832 d.

221 3885 228 3900 .
276 3865 321 3900 eo
341 3865 365 3902 r.

75 4003 268 4102 Scriptum
297 3997 518 4175 Philippi
549 3998 592 4073 de
625 4001 856 4102 impositione
886 4027 1076 4079 manuum.

139 4101 207 4176 Ad
234 4103 279 4182 V
280 4105 393 4175 itum
418 4101 455 4175 T
496 4100 1019 4218 todorum,Ann015403¹)

75 4231 125 4315 ln
149 4235 299 4310 historia
323 4233 567 4310 Ecclesiastica
591 4233 737 4312 Eusebii
760 4239 823 4314 lib.
837 4240 872 4315 6.
897 4263 973 4332 pag.
990 4237 1075 4312 144.

75 4343 251 4414 recitatur
284 4340 430 4432 epistola
452 4337 621 4432 Episcopi
647 4339 998 4436 Hierosolymorum,
1037 4341 1075 4410 in

77 4469 152 4538 qua
194 4441 318 4512 multis
348 4443 517 4533 exemplis
549 4443 752 4512 defenditur
780 4439 974 4533 Origenes,
1013 4442 1074 4537 qui

77 4545 381 4630 concionabatur,
418 4568 498 4614 cum
522 4568 596 4614 non
619 4558 709 4616 esset
731 4557 953 4616 consecratus
976 4568 1073 4614 more

82 4735 307 4756 --υ-ῠ--ῡ-ῠ

114 4853 144 4926 θ)
167 4853 230 4910 vid.
243 4873 324 4925 supra
337 4872 379 4926 ep.
393 4851 426 4908 ad
438 4849 541 4906 llaeod.
555 4849 581 4908 d.
596 4851 637 4906 12.
650 4849 715 4907 Oct.
728 4849 754 4907 lt.
768 4871 793 4906 a.

112 4939 165 5014 ιιι4)
187 4937 334 5008 adscripta
346 4945 409 4992 sunt
422 4937 450 4990 in
465 4934 620 5008 epograpbo
635 4933 746 4989 Monac.
760 4935 842 4990 baeer

220 5007 260 5061 Es
273 5007 359 5062 literis
370 5004 529 5076 (hungeri,
548 5023 617 5076 quae
632 5014 708 5058 eraut
719 5003 761 5058 bis
774 5003 931 5060 adiunctaes

150 5075 246 5132 Nostri
258 5076 310 5129 iam
326 5073 461 5145 incipiunt
473 5078 576 5130 :ursas
588 5071 623 5130 ssi
635 5070 722 5146 ursprl
740 5083 766 5127 et
787 5091 917 5144 quaerere
935 5075 986 5130 alia
1003 5093 1073 5130 eoc-

151 5147 220 5201 silia.
255 5144 400 5210 Philippus
415 5152 507 5197 noster
527 5161 556 5196 es
576 5144 689 5198 somniis
706 5152 732 5195 et
750 5139 809 5196 aliis
824 5143 990 5198 coniecturis
1003 5144 1073 5201 rati·

151 5215 260 5271 sinatur
273 5215 307 5267 de
321 5210 550 5283 disputationibus
562 5211 591 5266 in
604 5221 756 5285 consentu,
782 5227 866 5283 quare
882 5211 1003 5268 fortassis
1021 5213 1074 5270 ed-

150 5285 288 5340 duccsstur
301 5279 349 5338 atri
360 5283 389 5337 al
399 5275 539 5354 ssttoyoc

117 5371 144 5438 l)
166 5367 198 5422 ln
213 5365 336 5436 catalogo
350 5361 448 5420 consil.
462 5361 613 5435 Melanch,
635 5361 664 5416 in
683 5359 737 5418 fine
753 5361 888 5418 al’ezelio
903 5361 1011 5438 addito,
1027 5383 1075 5420 re·

150 5437 238 5492 lertsu
250 5435 305 5490 boe
316 5433 450 5489 iudicium
462 5431 496 5489 ed
508 5451 612 5490 anunm
624 5431 699 5489 tut.
721 5431 769 5488 Est
781 5450 848 5492 cero
857 5432 989 5506 scripturn
1001 5451 1075 5490 anno

83 5505 263 5652 llrsliiin.
280 5581 385 5649 Οιιιι.
399 5581 483 5648 Vos.
497 5579 541 5644 V.
631 5523 634 5538 ι

661 333 1104 412 EPISTOLARUM
1163 331 1364 413 muln
1418 333 1549 416 tcta.

2055 349 2132 430 210

1134 510 1375 594 sacerdotum,
1408 523 1448 580 ut
1468 511 1518 582 sic
1539 511 1677 606 loquar.
1729 509 1830 586 Elin
1846 517 1940 590 libro
1957 517 2128 594 iurisCa-

1131 611 1269 696 nonici,
1304 610 1362 680 cui
1384 612 1509 684 titulus
1533 627 1582 684 est
1604 615 1695 686 liber
1710 614 1941 691 Decretorum
1967 625 2047 695 dist.
2061 626 2126 701 24.

1130 713 1314 793 scribitur,
1346 705 1488 784 Latios
1510 724 1659 808 rogatos
1684 741 1791 815 posse
1817 719 1961 818 publice
1992 721 2125 798 docere.

1131 812 1248 886 Verba
1280 816 1427 884 canonis
1457 831 1571 887 sumta
1595 834 1677 891 sunt
1700 843 1741 890 ex
1765 821 1911 917 Synodo
1937 823 2125 919 Cartbagi—
2232 887 2256 902 ,.

1129 939 1243 989 nensr.

1230 1017 1301 1090 Sed
1331 1021 1375 1088 de
1403 1020 1684 1094 administranda
1708 1047 1817 1094 coena
1839 1023 1986 1098 Domini
2007 1009 2122 1104 maior

1127 1131 1180 1187 est
1203 1121 1372 1212 quaestio.
1425 1120 1571 1214 lrrepsit
1594 1125 1690 1208 enim
1712 1127 1835 1217 opinio
1858 1131 1902 1198 de
1925 1135 2121 1206 mutatione

1127 1221 1240 1311 panis.
1291 1219 1395 1292 Hanc
1411 1237 1616 1314 potestatem
1632 1227 1757 1300 dicunt
1773 1242 1867 1300 certo
1881 1232 2000 1302 ordini
2020 1259 2119 1305 com·

1126 1325 1330 1392 mendatam
1355 1347 1441 1398 esse.
1505 1326 1575 1397 Sed
1600 1330 1734 1420 opponi
1757 1345 1872 1422 potest
1894 1335 2119 1408 manifestum

1127 1424 1383 1510 testimonium,
1411 1439 1446 1495 et
1458 1429 1542 1497 satis
1557 1453 1661 1519 grave
1677 1429 1815 1525 Synodi
1827 1431 2011 1521 Nicaenae,
2030 1463 2119 1532 quae

1126 1526 1331 1612 constituit,
1361 1541 1400 1598 ut
1422 1530 1562 1599 diaconi
1585 1532 1789 1604 absentibus
1807 1539 2021 1630 presbyteris
2039 1566 2120 1610 coe-

1126 1649 1210 1695 nam
1232 1625 1381 1697 Do'mini
1404 1631 1663 1706 administrent.
1721 1633 1890 1706 Nondum
1913 1639 2023 1728 igitur
2044 1657 2120 1716 erat

1124 1727 1321 1818 persuasio,
1361 1731 1405 1802 de
1427 1747 1597 1824 potestate
1620 1739 1782 1806 mutandi
1804 1763 1949 1830 panem,
1988 1744 2119 1814 tradita

1226 1928 1323 2002 Haec
1350 1927 1516 2005 historica
1548 1933 1637 2006 mihi
1661 1938 1804 2030 quidem
1827 1957 1924 2030 grata
1948 1959 2049 2030 sunt,
2083 1961 2119 2019 et

1124 2055 1181 2100 me
1214 2031 1393 2105 interdum
1427 2038 1639 2108 confirmant
1669 2041 1906 2132 disputantem
1943 2045 1981 2114 in
2020 2061 2118 2120 tanta
2194 2087 2197 2094 ¹

1126 2145 1324 2224 temporum
1347 2137 1553 2208 confusione
1576 2142 1621 2208 de
1642 2143 1756 2212 veteri
1773 2145 2018 2235 ordinatione,
2045 2151 2143 2266 siv·

1125 2232 1297 2311 electione
1311 2237 1569 2310 ministrorum.

1225 2335 1330 2407 Nunc
1363 2341 1542 2430 persuasio
1575 2344 1812 2434 receptissima
1838 2363 1891 2418 est
1913 2347 2120 2425 Pontificiae

1124 2437 1249 2530 partis:
1289 2435 1498 2510 Ecclesiam
1522 2439 1634 2510 talem
1654 2440 1828 2540 politiam
1852 2473 1945 2534 esse,
1979 2452 2019 2522 in
2043 2479 2117 2552 qua

1125 2562 1229 2609 nemo
1253 2549 1465 2636 potestatem
1498 2531 1636 2614 habeut
1668 2541 1823 2618 άοειιιιὶί
1848 2549 2012 2646 publice,
2052 2565 2121 2626 aut

1124 2637 1426 2712 administrandi
1447 2667 1594 2715 coenam
1614 2641 1794 2736 Domini,
1834 2650 1913 2724 nisi
1932 2677 2119 2727 consecra-

1126 2752 1185 2812 tus
1207 2741 1256 2811 sit
1278 2742 1326 2812 ab
1345 2741 1531 2844 Episcopo
1556 2756 1693 2820 tenente
1715 2748 1885 2838 titulum,
1917 2764 1949 2825 ct
1972 2755 2118 2856 quidem

1126 2869 1151 2914 a
1175 2837 1352 2938 Pontifice
1372 2843 1549 2919 Romano
1574 2853 1767 2948 acceptum.
1824 2853 1930 2928 Hunc
1954 2860 2121 2932 ordinem

1126 2960 1254 3017 vocant
1281 2952 1535 3020 successionem
1559 2955 1778 3026 ordinariam
1801 2971 1836 3029 et
1855 2983 1946 3050 pene
1970 2961 2121 3036 Levitici

1085 3115 1095 3138 ‚
1126 3049 1311 3122 sacerdotii
1328 3047 1529 3146 κακοζηλία
1547 3067 1610 3129 est.

1227 3147 1326 3240 Quid
1350 3155 1437 3224 velit
1463 3168 1545 3226 tuus
1568 3157 1721 3248 collega,
1743 3161 1878 3232 nescio:
1906 3161 1977 3234 Sed
2000 3179 2119 3238 tamen

1125 3273 1208 3322 non·
1217 3254 1363 3346 opinor,
1397 3281 1477 3326 eum
1493 3259 1683 3328 defendere
1696 3260 1775 3331 illas
1790 3259 1977 3354 opiniones
1993 3267 2119 3340 Ponti·
2140 3273 2152 3279 “

1125 3353 1239 3438 licias,
1265 3380 1351 3448 quas
1368 3357 1399 3426 si
1413 3357 1587 3444 tuebitur,
1613 3384 1705 3430 nova
1722 3377 1829 3450 erunt
1843 3379 1877 3434 et
1892 3367 2026 3438 maiora
2041 3395 2119 3442 cer-

1126 3454 1302 3530 lamina..

1227 3552 1353 3626 Dicam
1370 3571 1487 3628 autem
1502 3560 1649 3642 ordine,
1681 3563 1825 3656 quaein
1843 3565 2014 3640 ministris
2032 3597 2119 3642 con-

1126 3655 1315 3729 stituendis
1331 3661 1523 3730 necessaria
1541 3662 1628 3732 sint:
1664 3662 1810 3738 Vocatio
1833 3691 1894 3738 seu
1916 3671 2038 3743 electio
2054 3699 2119 3746 ne-
2221 3707 2225 3712 ·

1126 3759 1273 3829 cessaria
1290 3773 1352 3834 est.
1403 3758 1505 3833 Hanc
1519 3762 1652 3836 Paulus
1669 3770 1816 3841 mandat
1832 3765 1932 3842 Tito:
1966 3761 2119 3845 Consti-

1127 3868 1185 3930 tue
1196 3858 1442 3958 presbyteros:
1476 3862 1601 3935 Postea
1621 3867 1720 3936 vides
1735 3869 1774 3938 in
1789 3873 2046 3963 probatissimis
2059 3872 2119 3946 bi-

1126 3963 1245 4032 storiis
1259 3964 1366 4034 luisse
1380 3963 1615 4035 universalem
1632 3991 1767 4039 rnorem
1781 3973 1916 4064 primae
1929 3971 2119 4065 Ecclesiae,

1127 4063 1231 4154 eligi,
1264 4065 1301 4134 id
1325 4081 1393 4144 est,
1427 4069 1545 4136 vocari
1562 4064 1756 4162 Episcopus
1778 4098 1840 4165 per
1863 4077 2054 4168 populum,
2079 4083 2118 4151 id

1127 4177 1196 4246 est,
1231 4159 1535 4262 honestissimos²)
1560 4164 1723 4242 homines
1745 4174 1784 4243 in
1807 4177 1956 4268 singulis
1980 4183 2119 4252 ordini-

1125 4269 1202 4340 bus.
1252 4263 1303 4337 Et
1333 4263 1449 4338 adbuc
1480 4270 1667 4361 vestigium
1700 4276 1810 4346 moris
1844 4291 1981 4368 manet,
2020 4285 2117 4378 quod

1125 4365 1294 4460 Episcopi
1309 4391 1329 4438 a
1347 4367 1502 4460 collegiis
1517 4371 1708 4462 eliguntur.

1228 4468 1287 4540 Sic
1311 4491 1409 4540 nunc
1430 4487 1603 4543 vocantur
1618 4474 1774 4548 ministri
1790 4478 1827 4548 in
1846 4483 1976 4553 nostris
1992 4479 2115 4556 Eccle-

1124 4569 1203 4654 siis,
1235 4570 1292 4638 vel
1314 4595 1376 4662 per
1392 4569 1594 4670 Principes,
1624 4576 1681 4646 vel
1704 4603 1767 4670 per
1786 4579 1955 4652 Senatum
1980 4585 2019 4653 in
2039 4583 2115 4658 Re-

1126 4668 1313 4768 buspub.³)
1364 4669 1412 4743 Et
1435 4687 1486 4746 est
1504 4677 1562 4768 pia
1583 4689 1617 4748 et
1637 4677 1727 4750 iusta
1744 4681 1893 4755 vocatio.
1944 4681 2114 4781 Princeps

1125 4785 1158 4843 et
1183 4772 1371 4844 Senatores
1393 4777 1582 4870 dupliciter
1604 4773 1735 4852 habent
1758 4781 1813 4852 ius
1835 4786 2000 4857 vocandi:
2038 4791 2114 4881 pri·
2180 4855 2184 4866 ,

1123 4899 1244 4959 mum,
1275 4874 1357 4968 quia
1379 4895 1566 4968 praesunt,
1600 4893 1634 4949 et
1653 4882 1730 4952 vult
1746 4879 1842 4952 Deus
1859 4885 2112 4973 gubernatores

1125 4999 1246 5046 curare
1253 4970 1285 5070 ⁴)
1300 4975 1536 5048 ministerium
1551 4978 1753 5070 Evangelii:
1779 4981 1919 5058 Deinde
1933 4991 2016 5084 quia
2029 5007 2113 5064 sunt

1124 5077 1310 5170 praecipua
1330 5080 1488 5149 membra
1502 5077 1690 5156 Ecclesiae.
2126 5092 2131 5103 '

1158 5333 1188 5396 2)
1207 5333 1277 5390 cos.
1291 5334 1400 5388 Monac.
1419 5333 1500 5404 eligi,
1517 5335 1546 5386 s'd
1558 5342 1600 5386 est
1610 5349 1664 5400 per
1675 5337 1860 5394 honestiores.

1158 5417 1187 5486 S)
1208 5417 1279 5474 coa.
1293 5417 1405 5472 Monac.
1421 5419 1468 5475 vel
1478 5419 1636 5478 senatuum
1650 5437 1722 5475 rose.

1159 5503 1188 5570 4)
1206 5501 1275 5558 cos.
1288 5501 1398 5558 Monac.
1414 5503 1522 5560 iurare.

1264 5575 1311 5646 14
