4796 6258
53 323 131 396 esc
496 269 498 274 ⁵
635 316 1076 394 urtsronanuu
1127 318 1231 392 cru.
1267 318 1330 396 ιιι.
1385 316 1519 392 cass.
2025 309 2104 389 seo

54 493 140 562 viss.
162 491 361 580 rescripsit,
386 505 426 562 ut
448 482 573 562 sariram
593 493 690 584 quod
708 491 814 562 duces
835 490 1052 560 exercituum
1107 513 1169 559 cor
1190 488 1294 560 etiarm
1308 505 1348 560 ut
1372 501 1406 560 te
1420 491 1595 579 gubernet
1607 502 1641 560 et
1657 499 1792 573 servet,
1813 486 1871 560 cni
1891 507 2019 576 genus,
2043 483 2101 552 vi-

53 596 94 664 in
111 591 280 685 periculis
304 593 457 677 iaciunt,
482 606 523 662 ut
546 617 600 662 rne
620 593 697 662 sine
719 593 947 663 dimicatione
962 591 1053 660 rcci-
1105 577 1160 660 tae
1184 587 1401 681 dignitas⁷),
1433 591 1565 676 virtus,
1592 591 1710 661 locum
1735 591 1774 659 in
1806 587 1986 682 republica
2015 584 2102 656 illu-

53 698 157 790 piam
179 697 216 763 in
240 694 316 764 loca
336 693 486 778 tutiora,
513 717 581 786 qua
599 697 697 763 dere
713 695 940 783 'cogitandum
962 687 1052 760 mihi
1104 691 1547 776 strioremconcesserunt,
1571 691 1611 760 in
1632 683 1803 785 quaubi⁸
1850 686 2101 762 sententiatos

51 799 175 868 video.
225 793 321 862 Beue
345 808 378 862 ct
400 794 549 863 sclicitcr
574 795 669 879 vale,
695 795 752 880 die
774 797 850 864 divi
871 792 1053 886 Hierony·
1104 795 1297 888 aliqnando
1316 817 1372 864 res
1389 793 1499 864 bonas
1514 787 1803 884 poteritinvare⁰
1838 791 1909 874 ,id
1924 805 1965 862 ut
1979 789 2100 874 facies,

51 900 127 982 mi,
154 885 225 990 quo
251 891 334 964 binc
360 897 505 966 suerunt
529 909 611 966 ante
627 920 748 983 ,erectos
766 893 889 966 xxtlt
917 881 1053 990 Capito
1105 909 1138 964 te
1155 895 1259 964 etiam
1276 909 1381 990 atque
1394 895 1498 966 etiam
1516 889 1669 988 rogo'⁰).
1700 891 1846 964 Conditi
1861 915 1983 964 sumus
1995 913 2099 984 prae-

54 1014 91 1072 ct
106 989 358 1068 Aarbacchus.
1105 996 1207 1087 cipue
1229 998 1272 1064 ad
1298 997 1514 1086 agnitionem
1539 1009 1572 1065 et
1598 995 1868 1066 celebrationem
1895 994 1965 1068 dei.
2016 989 2099 1062 Ali-

613 1090 805 1188 Philippus
826 1092 1003 1166 Melanch.
1105 1120 1175 1190 qua
1209 1097 1317 1186 igitur
1351 1098 1482 1168 summi
1511 1099 1607 1168 illius
1639 1095 1756 1188 operis
1786 1096 1878 1168 ratio
1912 1089 2098 1168 habeatur.

611 1192 613 1206 '
755 1251 758 1261 .
1104 1197 1202 1268 Haec
1225 1200 1369 1291 scripsi,
1403 1213 1436 1268 et
1459 1215 1499 1270 ut
1523 1193 1634 1267 Petro
1657 1221 1792 1268 morem
1816 1219 1971 1290 gererem
1998 1207 2034 1265 et
2057 1207 2099 1266 ut

1104 1325 1222 1370 meum
1240 1325 1319 1390 erga
1334 1314 1368 1370 te
1382 1302 1537 1370 studium
1552 1301 1616 1370 tibi
1635 1300 1870 1374 ostenderem.
1920 1294 2098 1368 Historias

1106 1399 1261 1472 Gallicas
1284 1416 1345 1472 aut
1368 1403 1518 1472 aliarum
1543 1403 1702 1492 gentium
1722 1401 1795 1470 scio
1810 1403 1855 1470 ad
1869 1421 1933 1470 vos
1947 1393 2098 1491 perferri

1104 1504 1149 1572 ab
1172 1504 1271 1584 aliis,
1305 1502 1435 1596 quibus
1463 1527 1518 1573 res
1548 1504 1690 1593 publica
1716 1496 1893 1597 notior¹¹)
1915 1513 1969 1571 est
1988 1521 2096 1594 quam

357 1665 443 1752 Car
489 1629 746 1750 Ulutenlwbio
985 1693 990 1704 Ι
1103 1599 1341 1780 ffihi⁰15liffle
1363 1620 1396 1676 ct
1415 1603 1588 1674 foeliciter
1603 1605 1693 1680 vale.
1737 1601 1862 1674 Pridie
1880 1600 1957 1678 Cal.
1981 1596 2097 1674 Octo-

442 1732 453 1755 ·
536 1732 540 1742 ·
747 1729 756 1750 ·
1129 1706 1178 1774 ris
1275 1707 1311 1780 4.

124 1820 211 1895 Epist.
225 1821 327 1880 lib.Vl.
343 1841 368 1894 p.
382 1821 413 1876 81
428 1841 469 1894 sq.
490 1853 525 1862 -
561 1821 698 1876 Collatum
715 1833 754 1876 est
769 1819 956 1892 autographon
973 1818 1050 1884 Met..
1781 1817 2045 1932 Philippumu)

158 1893 232 1962 quod
254 1904 401 1946 asservatur
421 1891 450 1944 iu
463 1889 588 1944 biblioth.
605 1889 686 1962 liegie
700 1890 880 1944 Becolinensi.
917 1889 1049 1953 Eandem,

63 1464 137 1543 Nu.
153 1465 267 1539 3038.
325 1478 330 1486 ’
897 1475 953 1538 30.
968 1463 1052 1548 Sept.

57 1565 277 1602 W
907 1557 1037 1586 Μ

157 1971 189 2016 ιιι
203 1963 327 2027 nondum
340 1961 460 2026 editam,
479 1960 573 2012 excudi
588 1960 692 2014 curarit
705 1959 934 2012 Foerstemsnnus
953 1959 981 2011 iu
991 1961 1048 2016 ,teu

157 2031 248 2088 dicum
269 2031 471 2098 attttttnttnaaca
493 2031 542 2084 ιιι
568 2031 621 2082 ocu
642 2017 733 2085 &celet
752 2027 874 2096 latttotttct)
889 2049 899 2078 ε
914 2029 1046 2096 undarat.

158 2099 342 2170 gatfcbungen.
361 2099 422 2152 vot.
436 2099 459 2151 l.
470 2095 513 2150 Pl.
525 2097 552 2149 4.
566 2114 593 2168 p.
606 2095 673 2150 135.ι

45 2247 216 2328 Clarias.
238 2250 314 2321 viro
338 2246 550 2324 Nobilitate
574 2247 739 2346 generis,
772 2247 901 2320 virtute
926 2257 958 2320 et
981 2245 1046 2320 do-
1103 2175 1315 2311 Q
1781 2172 2092 2312 ow)

46 2357 176 2428 ctrina
212 2349 424 2450 praestanti
453 2348 622 2421 Domino
658 2339 838 2469 Qprolo
872 2348 910 2423 U
919 2359 1045 2421 llen·
1132 2414 1141 2431 „
1429 2369 1481 2459 V,
1514 2369 1752 2456 Theodoro.

109 2451 265 2540 hovso,
288 2450 458 2522 Donuno
472 2447 722 2539 Marchemn‚
744 2461 905 2549 patrono
922 2476 1002 2527 suo.
1162 2529 1248 2602 Epist.
1263 2529 1313 2587 tib.
1329 2529 1375 2586 tv.
1391 2501 1418 2598 ps
1431 2533 1483 2586 ²⁰0
1496 2551 1536 2604 sq.
1553 2562 1590 2574 -
1614 2529 1667 2586 Hic
1681 2547 1712 2584 u
1726 2527 1895 2603 mmmm
1908 2481 1939 2584 ia
1952 2527 2089 2587 como,

45 2571 95 2662 S.
125 2585 173 2662 D.
228 2581 362 2656 Petrus
393 2579 655 2680 (Edingus)¹)
681 2579 809 2678 hospes
833 2609 952 2672 meus,
988 2586 1045 2655 vir
1197 2619 1258 2655 nae.
1273 2600 1294 2654 t.
1311 2621 1337 2672 p.
1351 2601 1411 2656 599.

46 2691 169 2782 gravis
193 2699 227 2758 et
247 2690 392 2773 doctus,
418 2688 542 2781 tuique
556 2687 816 2764 amantissimus
824 2737 836 2774 ,
862 2710 965 2780 saepe
986 2711 1043 2756 me
1235 2753 1242 2772 ,
1733 2755 1741 2774 ‚
1962 2752 1971 2772 ,
2042 2675 2047 2688 ’

47 2771 283 2863 Ῑιοιιιιιιιι·”ιιι
310 2791 353 2857 ad
378 2804 412 2859 te
433 2790 595 2859 scribam.
653 2783 701 2858 Et
723 2811 786 2878 ego
809 2789 1044 2859 admiratione
1093 2751 1149 2827 D·
1175 2751 1571 2876 V¹¹⁰Ti⁰⁶⁰d⁰s⁰3
1597 2751 1739 2876 d⁰f⁰¹²¹
1753 2749 1939 2854 El’anffd·
1955 2748 2090 2826 ''⁸13⁶''

47 2891 197 2962 virtutis
209 2903 288 2982 tuae
311 2891 358 2960 ita
374 2912 537 2971 moveor,
563 2903 604 2960 ut
625 2902 740 2959 tecum
761 2885 853 2959 mihi
867 2892 1043 2960 assiduam
1242 2897 1246 2902 “
1425 2856 1537 2931 ‘lim
1558 2853 1758 2956 thffb’·
2010 2947 2015 2956 .

51 2993 418 3066 laniiliaritatcrnesse
441 3005 570 3084 optem.
622 2989 691 3062 Scd
710 2985 1044 3086 tam²)tristitem·
1096 2971 1139 3061 S.
1165 2993 1210 3064 D.
1261 2991 1405 3086 Hospiti
1438 2993 1571 3090 Cyprio
1603 3020 1679 3066 uon
1709 2997 1873 3070 defutura
1897 3009 1981 3068 sunt
2011 3019 2090 3068 mea

48 3120 139 3190 pore
163 3094 250 3186 quid
275 3089 450 3184 possim³)
470 3091 642 3176 scribere,
674 3093 769 3184 quod
792 3095 918 3162 autad
943 3108 1043 3164 tuum
1096 3097 1230 3180 officia,
1255 3097 1284 3164 si
1313 3097 1398 3188 quid
1424 3110 1540 3166 tamen
1563 3111 1669 3189 petet.
1720 3097 1826 3170 Nunc
1841 3095 1978 3170 habitat
1993 3099 2090 3191 apud

47 3199 215 3268 dolorem
238 3195 444 3264 leniendum
463 3205 525 3263 eut
552 3194 594 3261 ad
620 3216 734 3262 meam
759 3195 971 3264 moestitiam
993 3196 1045 3264 le·
1098 3191 1305 3266 Matthiam
1322 3193 1541 3290 illyricum,
1563 3199 1626 3292 qui
1643 3195 1867 3270 hi'chraice
1882 3203 2001 3286 docet,
2026 3224 2089 3271 cu·

47 3299 207 3368 vandum
238 3296 392 3366 multum
413 3295 553 3364 differat
574 3289 822 3388 momenti⁴)?
873 3293 1045 3364 Videmus
1097 3302 1153 3369 ius
1178 3299 1402 3368 sermonibus
1425 3313 1611 3370 contentus
1633 3301 1791 3370 fortassis
1806 3323 1881 3372 non
1894 3302 2087 3371 admodum

47 3401 367 3471 orbemterrarum
382 3391 588 3492 undique‘)
606 3395 738 3486 premi,
762 3408 803 3467 ut
822 3385 1044 3466 nihildicam
1097 3424 1210 3469 meam
1226 3400 1400 3490 privatam
1419 3402 1872 3493 consuetudincmexpetet.
1916 3399 2087 3471 Nondum

50 3500 177 3583 aliud,
214 3522 338 3592 magna
364 3496 597 3590 imperiorum
621 3495 838 3571 confusione.
897 3495 1043 3568 Utinam
1096 3501 1207 3572 multa
1234 3499 1400 3570 collocuti
1421 3523 1562 3586 sumus,
1586 3501 1690 3592 cupio
1714 3524 1797 3572 eum
1819 3504 1863 3574 de
1883 3501 2019 3587 Patria,
2042 3503 2088 3572 ds

48 3597 235 3672 Ecclesiae
256 3614 345 3671 recte
370 3603 664 3688 gubernarentur.
723 3596 814 3668 Nam
836 3598 874 3666 in
900 3594 956 3666 bis
987 3623 1045 3668 ac·
1097 3602 1244 3686 studiis,
1268 3603 1312 3670 de
1326 3603 1499 3673 sententia
1516 3601 1554 3670 in
1569 3603 1793 3691 dogmatibus
1807 3605 1952 3688 audire,
1972 3617 2007 3674 et
2021 3625 2087 3676 au·
2147 3629 2153 3642 ·

49 3703 235 3798 quiescere
250 3703 383 3770 mcntes
399 3713 541 3792 possent
555 3700 725 3769 abductae
742 3712 959 3790 aconspectu
976 3701 1044 3768 mi·
1096 3705 1190 3773 diam
1207 3704 1364 3772 fortasse.
1414 3701 1485 3774 Sed
1500 3703 1549 3773 ita
1566 3705 1675 3774 multa
1692 3705 1893 3797 impediunt
1906 3700 2014 3775 huius
2027 3727 2087 3796 ge-

49 3805 226 3874 seriarum
253 3803 488 3893 politicarum.
539 3793 640 3895 Ac⁸)
663 3811 798 3870 vestrae
815 3801 960 3894 quidem
974 3799 1046 3870 Ec·
1097 3804 1192 3874 ueris
1216 3826 1423 3894 congressus
1446 3827 1526 3874 curn
1551 3805 1690 3888 amicis,
1716 3820 1756 3877 ut
1778 3810 1884 3899 plane
1906 3818 2024 3900 optem
2045 3829 2088 3878 ex

50 3905 178 3976 etesiae
200 3926 345 3996 prorsus
367 3923 551 3996 oppressae
582 3915 665 3972 sunt
684 3901 871 3988 servitute3
904 3915 1045 3971 nostrae
1097 3902 1164 3975 hoc
1180 3907 1376 3996 ergastulo,
1397 3906 1533 3976 etiamsi
1549 3901 1639 3975 mihi
1655 3909 1726 3977 vita
1745 3923 1823 3978 acte
1837 3922 1905 3994 est,
1929 3909 2087 3983 liberari.

49 4007 180 4076 melius
206 4019 389 4096 reguntur.
440 4003 512 4076 Sed
536 4015 654 4073 umen
679 4003 718 4071 in
736 4003 949 4096 quibusdam
970 4026 1043 4082 mn
1095 4005 1142 4078 Et
1163 4003 1221 4077 hic
1238 4031 1353 4078 annus
1376 4029 1433 4076 me
1448 4007 1545 4078 varie
1560 4008 1724 4078 exercuit.
1772 4007 1854 4080 Duo
1868 4009 1991 4094 amici,
2015 4008 2087 4078 viri

50 4103 148 4175 nihil
174 4122 225 4178 cst
249 4106 477 4179 incommodi.
534 4096 640 4172 Acri
664 4102 856 4172 arbitrarer
879 4099 1044 4172 humanis
1095 4107 1221 4200 optimi
1244 4108 1336 4201 capti
1360 4121 1462 4192 sunt,
1485 4104 1756 4202 Hieronymus,
1782 4122 1817 4179 et
1834 4111 1924 4182 alius
1946 4111 1986 4181 in
2002 4109 2088 4180 Bel.

56 4207 212 4278 consiliis
225 4209 344 4278 sanari
363 4201 450 4277 baec
465 4205 558 4274 male
573 4227 687 4295 posse,
708 4203 811 4296 plura
827 4227 1044 4310 quaererem.
1096 4211 1172 4300 gico
1195 4224 1341 4300 propter
1354 4205 1589 4298 Evangelinm
1610 4205 1896 4302 comprehensus.
1958 4210 2087 4284 Secuta

50 4306 159 4379 Nunc
178 4334 257 4380 cum
281 4305 407 4392 sciam,
431 4305 624 4376 Ecclesiam
649 4305 708 4374 dei
732 4329 806 4373 non
834 4329 935 4396 posse
959 4305 1043 4404 solis
1096 4311 1187 4379 filiae
1210 4311 1407 4380 calamitas:
1439 4306 1679 4406 Sycophantia
1702 4335 1776 4382 non
1802 4313 1969 4404 vulgaris.
2025 4308 2086 4384 Ad

49 4405 240 4482 hominum
266 4411 425 4482 consiliis
450 4409 541 4496 regi,
573 4407 688 4477 servio
715 4407 754 4475 in
781 4402 846 4476 hac
870 4429 948 4477 rnea
972 4421 1043 4476 sta·
1094 4407 1180 4480 baec
1212 4414 1384 4481 accedunt
1413 4409 1591 4492 Historiae
1613 4410 1857 4500 Pannonicae,
1885 4437 1973 4508 quas
2006 4410 2085 4484 heri

45 4513 149 4585 tione
164 4513 359 4582 iuventutis
374 4510 517 4581 studiis:
543 4509 653 4577 doceo
669 4509 791 4594 utilia,
816 4521 851 4578 et
865 4510 1043 4597 guberna·
1094 4513 1286 4582 admodum
1309 4512 1427 4582 tristes
1446 4512 1533 4602 legi,
1557 4527 1591 4582 ct
1607 4513 1673 4582 tibi
1688 4515 1880 4600 mitterem,
1907 4515 1976 4584 nisi
1994 4515 2085 4586 alius

44 4615 207 4699 toribus,
233 4614 294 4708 qui
321 4636 385 4682 nos
408 4609 531 4681 audire
557 4610 705 4694 nolunt,
738 4633 813 4680 non
832 4609 955 4681 odiose
977 4611 1041 4680 ob-
1094 4612 1253 4684 cnriosus
1270 4613 1476 4705 'exemplum
1499 4609 1589 4684 mihi
1611 4609 1689 4684 heri
1714 4627 1947 4684 monstratum
1963 4616 2084 4688 abstu-

42 4731 189 4808 strepo,
220 4740 260 4787 ac
283 4717 389 4784 deum
412 4705 484 4783 oro'
497 4723 539 4781 ut
561 4733 619 4780 me
640 4724 675 4782 et
690 4711 780 4782 alios
797 4725 904 4803 regat.
954 4709 1042 4784 Pre-
1093 4717 1199 4789 lisset.
1250 4712 1348 4786 Bene
1370 4715 1461 4791 vale.
1511 4711 1560 4788 Et
1575 4715 1823 4788 communibus
1843 4715 2008 4810 precibus
2021 4715 2085 4788 Fi-

42 4919 275 4944 -ffl
456 4910 462 4922 ⁸
1091 4917 1286 4936 ——u--n

900 4959 904 4976 ι

76 5051 107 5118 1)
128 5047 258 5116 dangos
270 5039 374 5098 addidit
384 5037 473 5096 editor
487 5035 551 5094 libri
564 5036 613 5094 Vl.
666 4995 677 5006 -
1126 5035 1155 5106 7)
1173 5035 1247 5092 Libri
1259 5034 1305 5094 Vl.
1319 5035 1409 5093 editor
1419 5053 1512 5106 nnus
1522 5039 1613 5106 uriae,
1627 4987 1755 5108 dignitas
1767 5035 1897 5094 distinxit.
1932 5029 1936 5044 '

73 5137 111 5206 2)
130 5133 240 5188 Fuerat.
253 5131 314 5184 ram
325 5145 377 5199 pro
390 5135 462 5180 mm.
1126 5121 1155 5188 8)
1175 5121 1279 5176 Fuerat.
1293 5123 1323 5175 in
1334 5141 1391 5192 pua
1403 5123 1454 5186 ati.
2031 5145 2038 5152 ·

73 5221 107 5284 8)
127 5217 233 5270 Fuerat.
244 5228 370 5280 parurn.
1125 5204 1153 5274 9)
1171 5204 1276 5260 Foerst.
1288 5207 1387 5260 iteum
1396 5207 1513 5274 pateris.

73 5305 105 5372 4)
128 5297 271 5352 momenti
280 5293 448 5348 desideretur
459 5288 489 5345 in
502 5286 551 5344 lib·
566 5284 615 5344 Vl·
742 5311 749 5322 ·
1051 5325 1057 5332 -
1125 5294 1168 5360 to)
1187 5291 1292 5346 Fuerat.
1310 5308 1370 5354 ora.

74 5391 106 5456 5)
126 5385 233 5440 Fosrrt.
247 5381 357 5449 ubique.
1124 5379 1170 5447 11)
1189 5375 1294 5430 Fuerat.
1311 5379 1407 5430 anaba·
1421 5395 1471 5449 pro
1486 5377 1593 5434 notlar.
1762 5398 1767 5430 ι

73 5475 107 5544 5)
127 5469 189 5530 uh,
204 5465 253 5524 Vl.
267 5467 318 5522 At.
1123 5461 1168 5531 tt)
1188 5456 1295 5514 Nomen
1306 5457 1413 5516 subter.
1426 5459 1533 5532 omisit,
1550 5471 1580 5518 ut
1591 5459 1679 5536 solet,
1696 5461 1786 5520 editor
1798 5459 1862 5520 libri
1876 5461 1923 5518 Vl.
