4890 6250
288 339 339 414 57
873 315 1321 422 urrsrouattuu
1372 327 1482 414 ΜΒ.
1504 331 1570 418 tx.
1621 337 1760 422 tots.
2277 349 2323 429 tt

261 523 264 528 '
290 510 376 612 quia
398 509 490 601 scio,
521 503 822 586 scholasticorum
844 499 969 580 literas
986 497 1288 578 a‘rnercatoribut
1339 517 1393 580 tas
1408 507 1569 601 publicas
1584 513 1800 587 calamitates
1814 515 1944 590 accersi
1957 515 2030 588 illis
2043 517 2130 612 ipsis
2143 523 2324 596 crematio·

161 647 165 654 ·
290 613 589 709 negligentissime
610 612 739 688 curari.
789 606 827 683 0
842 611 970 682 duram
983 607 1151 681 militiam
1173 603 1290 678 nostri
1338 609 1457 687 uibus.
1506 609 1687 688 Accidunt
1706 619 1802 688 enim
1816 619 1955 714 impiis,
1980 621 2324 716 quaesibiipsisim-

292 719 452 805 ordinis,
475 740 565 812 quae
591 739 672 789 cum
693 707 883 808 praecipua
903 711 997 782 eltae
1019 712 1116 782 bona
1138 723 1292 796 tueatur,
1337 712 1540 804 precantur.
1591 714 1689 790 Haec
1702 719 1832 790 vellem
1848 723 1892 792 de
1914 723 2040 816 poeuis
2061 723 2147 794 addi
2167 725 2207 796 in
2228 749 2324 798 reeu-

293 835 416 894 tamen
429 843 505 892 uon
522 814 913 902 solumco'utemuitur,
933 809 1120 885 sedetiam
1142 812 1184 882 in
1204 805 1291 882 odio
1338 815 1480 904 dendo,
1505 819 1722 910 amplissime
1737 824 1810 893 diei
1829 837 1980 915 possunt
2000 827 2044 895 de
2065 841 2249 919 praecepto
2271 851 2323 898 se-

294 937 347 995 est
360 921 549 994 Centauris
565 933 600 994 et
613 913 909 992 foeneratoribus.
959 909 1031 988 soa
1045 913 1193 985 terenda
1208 926 1293 985 suut
1338 919 1474 990 cundo:
1514 942 1589 990 nou
1620 913 1771 993 habebit
1791 919 1899 996 Deus
1933 925 2112 997 insontem
2134 951 2231 1011 eum,
2290 927 2327 1000 ui

294 1018 381 1096 haec
398 1021 588 1123 ἀναγκαῖα
609 1013 728 1106 κακά,
755 1032 790 1090 et
811 1017 894 1090 forti
917 1018 1037 1088 auimo
1059 1015 1148 1090 lero.
1198 1007 1293 1087 Aca-
1339 1027 1496 1118 usurpat
1520 1045 1650 1094 nomen
1670 1020 1750 1095 Dei
1770 1049 1871 1098 eane.
1921 1023 2169 1100 Ostendissem
2187 1028 2232 1104 D.
2246 953 2323 1100 Zu-

295 1126 413 1197 demia
429 1135 572 1210 nostra,
591 1115 865 1206 Dei-beneficio,
889 1115 1006 1190 adhuc
1022 1116 1216 1212 tranquilla
1231 1132 1294 1190 est.
1339 1115 1444 1194 thero
1458 1139 1538 1195 tuas
1554 1122 1880 1225 propositiones'),
1903 1129 1974 1198 nisi
1998 1133 2153 1202 nuncius
2172 1133 2326 1204 festinas·
2424 1149 2425 1152 ’

296 1226 401 1300 Dete
416 1250 517 1320 saepe
540 1222 742 1322 loquimur,
766 1236 801 1293 et
822 1243 1030 1314 precamur,
1053 1233 1096 1292 ut
1116 1220 1295 1290 instaura·
1341 1237 1404 1295 set.
1460 1221 1510 1298 Et
1547 1251 1644 1298 nuuc
1678 1229 1762 1322 quia
1788 1231 1911 1302 aderat
1934 1225 2119 1302 Maecilio
2149 1229 2325 1315 Albanos,

296 1327 391 1401 tioui
409 1323 649 1400 Ecclesiamm
672 1340 868 1397 vestrarum
888 1321 987 1396 Deus
1006 1323 1171 1395 autemus
1193 1315 1308 1414 pater'
1341 1319 1526 1400 Cosimiri
1545 1329 1640 1399 tilius
1665 1325 1748 1426 (der
1761 1324 1926 1430 Selaelm)
1943 1326 2004 1428 ”)
2030 1359 2105 1405 nou
2129 1337 2231 1428 potui
2253 1361 2327 1406 cum

298 1428 566 1502 domiuiuostri
580 1426 663 1500 lesu
677 1423 813 1532 Christi
827 1425 931 1501 adsit.
1342 1453 1384 1499 eo
1407 1431 1451 1500 de
1472 1425 1539 1500 hac
1563 1454 1601 1501 re
1620 1431 1731 1531 loqui.
1783 1431 1882 1505 Bene
1902 1449 1939 1506 et
1958 1436 2109 1506 feliciter
2125 1439 2217 1508 vale.
2265 1437 2327 1508 Die

398 1557 507 1635 Hunc
534 1558 748 1654 Magistrum
777 1551 1049 1632 Lovantmsem
1073 1550 1293 1632 Muranum
1341 1556 1413 1626 quo
1436 1532 1635 1604 celebratur
1655 1535 1825 1605 memoria
1849 1536 2004 1606 mirandi
2026 1539 2152 1630 agonis
2176 1541 2244 1609 lilii
2255 1538 2328 1622 Dei,

298 1663 367 1738 tibi
390 1665 612 1738 commendo.
667 1659 743 1735 Diu
761 1661 832 1734 tuit
854 1661 996 1737 auditor
1016 1675 1154 1747 noster,
1186 1678 1222 1736 et
1244 1678 1296 1737 est
1340 1634 1381 1703 in
1396 1658 1468 1754 ΨΚ]
1482 1633 1658 1704 ⁵¹¹³fi¹¹⁶¹¹⁵
1671 1636 1760 1755 {mm
1776 1633 1847 1708 Dii
1863 1639 2030 1709 adVfflffl
2051 1655 2175 1712 mma
2196 1654 2330 1734 peccam

300 1768 449 1858 integer.
499 1764 609 1859 Cupit
624 1765 758 1836 servire
778 1763 886 1834 alicui
902 1759 1079 1834 Ecclesiae
1099 1765 1196 1856 apud
1220 1789 1295 1841 vos.
1340 1757 1549 1856 ⁸³¹}3⁰¹¹¹⁰¹¹¹
1564 1739 1704 1807 ΜΝ
1724 1751 1759 1808 ‘i
1774 1762 1838 1830 Ρ110
1863 1741 1970 1811 ¹¹⁰bl⁸
1991 1757 2157 1832 l‘recatus
2184 1757 2253 1824 ²⁸¹2
2278 1742 2331 1812 5¹1·

300 1867 422 1960 Qum
440 1861 605 1966 curetis)
623 1868 698 1940 eiu,
711 1865 887 1937 ragonem
900 1859 1038 1941 haberj·
1341 1861 1483 1932 qurens:
1507 1844 1630 1956 pater,
1655 1833 1847 1932 sanctifica
1864 1863 1922 1911 eos
1938 1840 1978 1911 in
2000 1841 2150 1913 veritate
2172 1853 2251 1918 tuo.
2297 1839 2329 1914 0

1342 1937 1422 2009 lesu
1443 1935 1600 2022 Chrrste,
1632 1939 1684 2009 tili
1699 1938 1769 2011 Dei
1793 1942 1886 2028 vivi,
1911 1945 2078 2016 exsuscita
2103 1947 2144 2014 in
2168 1946 2330 2018 cordibus

1340 2041 1471 2111 uostris
1491 2040 1708 2131 agnitionem
1726 2045 1815 2114 tanti
1833 2046 1886 2114 tui
1902 2045 2084 2130 beneficii,
2105 2063 2142 2120 et
2165 2071 2232 2118 nos
2246 2069 2331 2136 rege.

1341 2141 1469 2216 Amen.
1520 2141 1679 2213 Salutem
1693 2159 1776 2234 opto
1791 2147 1857 2218 toti
1872 2147 2026 2217 familiae
2040 2145 2086 2220 D.
2102 2144 2331 2221 Starctadae.

399 2000 509 2074 Mitto
524 2001 593 2073 tibi
608 2004 696 2074 duas
711 2000 979 2085 contiunculas,
1004 2018 1155 2093 quarum
1172 1999 1296 2072 lectio-

298 2125 386 2178 nem
405 2104 472 2176 tibi
491 2119 566 2176 nou
590 2103 772 2176 insuavem
794 2103 872 2172 fore
895 2101 1060 2175 arbitror.
1111 2098 1295 2194 lmperties

298 2220 337 2278 et
367 2207 445 2278 aeni
473 2219 596 2278 nostro
621 2203 765 2278 Nestori
792 2194 985 2278 Caesario.
1044 2200 1143 2272 Tuas
1175 2204 1294 2276 literas
2420 2220 2425 2310 p

347 2307 356 2324 .
387 2308 396 2326 .
434 2307 443 2325 .
841 2306 850 2322 .
1043 2304 1053 2322 .
1249 2306 1292 2323 ..
1340 2242 1498 2316 Libellos
1513 2258 1669 2316 recentes
1682 2247 1784 2318 mitto
1801 2249 1909 2335 duos,
1933 2271 2024 2343 quos
2041 2253 2140 2322 dono
2157 2253 2239 2329 tibi.

299 2309 505 2380 arrdrssrme
521 2320 684 2398 expecto,
713 2307 817 2376 velte
839 2328 955 2397 ipsum
978 2317 1110 2396 potrus.
1157 2303 1294 2398 Belgrer

295 2409 389 2485 betti
402 2409 513 2480 turias
529 2408 636 2480 etiam
649 2405 746 2480 Deus
760 2420 924 2512 aeternus
940 2407 1036 2498 pacis
1052 2419 1156 2480 autor
1171 2409 1292 2501 oppri-
2150 2379 2220 2462 Ph·
2236 2384 2289 2461 M·

300 2525 385 2586 mat.
435 2509 504 2582 Sed
521 2510 736 2584 sontiatalea
752 2532 905 2602 poenae,
925 2533 1013 2603 qoap
1028 2523 1147 2581 tamen
1163 2523 1204 2582 ut
1224 2511 1291 2580 mi-

302 2612 388 2702 tiget
409 2608 507 2683 Deus
533 2635 685 2694 oremus.
735 2607 877 2701 Quaeso
900 2624 941 2683 ut
961 2604 1057 2681 hunc
1079 2609 1291 2703 Magistrum
2184 2693 2188 2702 ,

294 2710 558 2788 Lovaniensem
587 2713 678 2782 serio
700 2735 721 2782 a
743 2735 801 2782 me
822 2715 1107 2786 commendatum
1129 2714 1197 2784 tibi
1218 2737 1292 2785 esse
1351 2739 1419 2816 No·
1434 2739 1547 2814 2564,
2169 2756 2219 2826 24
2249 2757 2324 2822 Ματί

298 2813 419 2888 ducas.
466 2811 666 2920 Benepata
715 2815 778 2891 20.
793 2811 938 2907 Martii.
1353 2840 1575 2872 m
2161 2804 2334 2882 uita-⁸

1040 2909 1241 3009 Philippus.
1531 2929 1734 3045 Crueiger
1754 2929 1817 3017 ad
1837 2930 2152 3026 scholasticos.

1406 3102 1834 3179 murmurmurmur..
1852 3109 1886 3167 r.
1900 3111 1922 3168 r.
1940 3112 2024 3186 pse.

295 3236 492 3315 Namusa.
1124 3255 1182 3316 23·
1202 3243 1291 3308 Mart.
1361 3251 1497 3330 Rector
1524 3252 1746 3330 Academiae
1777 3254 1831 3330 D.
1862 3250 2045 3362 Carpat
2080 3257 2317 3368 Crueiger

302 3336 473 3366 w»
1110 3333 1284 3366 Μ
1628 3357 1667 3432 Τ
1665 3355 1859 3457 heologiae
1883 3359 2055 3443 Ductor.

661 3393 727 3478 lo.
755 3389 923 3506 Longo.

388 3557 408 3627 ,f
427 3555 465 3610 E,
476 3553 632 3628 ,mbo
645 3553 678 3608 to
689 3553 752 3612 md·
768 3551 854 3612 Gom·
868 3555 931 3610 399.
950 3573 978 3628 P·
992 3554 1076 3612 mh·
1338 3474 1489 3584 Semper
1502 3493 1659 3566 Ecclesia
1677 3493 1745 3567 Dei
1760 3499 1963 3600 doctrinam⁸
1979 3505 2096 3578 tenuit
2120 3511 2169 3580 de
2186 3511 2341 3596 victima,

1338 3621 1407 3689 qua
1425 3597 1476 3665 ira
1491 3591 1557 3665 Dei
1574 3598 1743 3689 placatur.
1793 3598 1883 3669 Nam
1902 3595 1967 3671 hae
1981 3604 2055 3696 ipsa
2077 3635 2172 3684 voce
2197 3615 2340 3684 condita

295 3703 522 3785 Clarissimo
538 3710 634 3796 viro,
659 3711 789 3785 virtute
807 3719 839 3782 et
855 3707 1057 3784 eruditione
1070 3713 1292 3812 praestanti,
1338 3693 1580 3815 ⁰⁵²·Ecclfflla.
1604 3723 1668 3768 ¹¹00
1684 3700 1754 3770 ³¹3⁰
1767 3704 1875 3772 m⁰1¹⁰
1892 3707 2036 3774 accendi
2059 3709 2154 3783 fides
2179 3729 2217 3788 et
2239 3717 2341 3788 iuvo-

294 3814 347 3887 D,
370 3810 584 3889 Iohanni
604 3809 674 3886 La
686 3839 791 3910 ugo,
817 3809 1140 3903 DoctoriTth,
1172 3815 1292 3887 amico
1337 3811 1428 3868 catro
1443 3812 1609 3890 possunt,
1634 3799 1703 3868 nisi
1721 3795 1827 3871 buius
1841 3801 2003 3874 immensi
2027 3817 2195 3886 muneris
2212 3819 2344 3908 cogita·

555 3939 623 3986 3⁸0
643 3913 753 3986 ...geri
770 3923 802 3985 ,g
818 3915 1031 3999 carissgm0‚
1262 3975 1267 3990 Ι
1338 3899 1445 3968 tione.
1494 3897 1656 3972 Fuerunt
1670 3901 1779 3991 igitur
1794 3903 1878 3974 iude
1890 3928 2002 4000 usque
2018 3911 2062 3980 ab
2086 3913 2203 3990 initio
2227 3944 2346 3990 rueuse

1337 4023 1446 4070 verno
1462 4001 1537 4071 veri
1552 3999 1706 4072 Pascatis
1722 4003 1892 4094 imagines
1907 4021 1942 4078 et
1963 4019 2208 4092 ceremoniae.
2261 4021 2346 4094 Cer·

1337 4115 1486 4173 tum-cst
1509 4103 1606 4172 enim
1636 4105 1849 4178 mactatione
1879 4109 1961 4197 agni
1995 4113 2243 4204 significatam
2276 4147 2346 4195 esse
2423 4055 2425 4156 l

1339 4217 1486 4273 mortem
1509 4200 1663 4290 Christi,
1699 4209 1973 4280 manducatione
1996 4239 2080 4286 tero
2105 4221 2346 4313 significatam

1335 4305 1496 4375 beneficii
1509 4305 1792 4399 applicationem.
1837 4305 1890 4380 Ac
1906 4314 2008 4386 multi
2025 4318 2261 4413 existimant,
2288 4353 2348 4398 co-

1336 4408 1415 4500 dem
1437 4409 1527 4477 enni
1549 4421 1708 4502 tempore
1727 4410 1947 4484 immolatam
1970 4440 2043 4486 esse
2061 4415 2181 4500 Isaac.
2237 4427 2348 4500 Arbi-
2424 4473 2425 4484 .

1336 4521 1476 4580 trantur
1500 4521 1533 4580 et
1556 4504 1651 4580 Abel
1673 4513 1797 4582 eodem
1819 4515 1905 4585 anni
1928 4529 2084 4608 tempore
2109 4525 2349 4602 interfectum

1335 4633 1418 4682 csse.
1478 4609 1641 4681 Tandem
1672 4613 1766 4684 fitius
1795 4610 1862 4684 Dei
1895 4622 2090 4712 perspicuis
2125 4633 2350 4704 testimoniis

299 4775 395 4831 tuam
409 4771 445 4830 et
459 4759 649 4829 sententias
667 4759 917 4850 disputationis
938 4761 1064 4851 probo.
1113 4758 1288 4831 lufaustoe
1335 4712 1468 4830 “ium
1486 4707 1682 4800 ‘imitus’
1705 4716 1912 4787 sacrificium
1943 4744 2045 4792 ⁵¹¹⁰¹¹¹
2069 4727 2183 4816 lecit,
2212 4735 2253 4803 5¹¹
2275 4741 2350 4830 '‘1110

299 4875 383 4932 sunt
406 4860 638 4931 contumeliae
658 4856 746 4946 Dei,
777 4861 864 4930 falsa
889 4863 1052 4950 dogmata
1076 4863 1230 4952 periuria
1255 4880 1285 4934 et
1335 4814 1441 4931 ⁵¹¹¹i¹¹l
1456 4827 1490 4884 et
1504 4838 1594 4883 Μ
1610 4811 1662 4934 Di
1666 4842 1678 4883 ¹
1694 4818 1840 4936 aivffii]
1844 4843 1862 4888 ⁵
1879 4837 2039 4892 ”⁰⁵¹fflm
2060 4837 2350 4909 ¹mm⁰¹¹dl⁶leffl

300 4975 399 5034 ortae
426 4983 467 5030 ex
496 4961 648 5055 qtradam
677 4961 856 5032 teterrima
880 4963 1023 5033 levitate
1044 4966 1289 5050 execrationes,
1336 4929 1592 4986 ‘immensam
1604 4919 1884 4992 m⁵⁶r¹⁶⁰¹d¹³m
1901 4947 1981 5014 ⁰¹8³
1997 4948 2114 5016 genus
2141 4929 2351 5011 humanum

301 5089 390 5158 quae
404 5063 514 5132 nullis
528 5077 611 5134 suut
631 5063 849 5147 usitatiores,
873 5089 980 5156 quam
997 5065 1056 5149 iis,
1081 5066 1142 5157 qui
1163 5066 1288 5137 dicuu-

304 5159 570 5239 thrisfiani'
606 5159 642 5233 Ο
659 5189 733 5233 rem
748 5165 902 5235 tristem!
939 5163 1012 5236 Nec
1026 5167 1171 5254 dnbit⁰²
1195 5169 1290 5238 mni*
1371 5215 1401 5288 *J
1421 5214 1536 5270 Videtur
1549 5233 1607 5270 esse
1619 5211 1663 5269 Io.
1677 5215 1786 5285 Laugii
1798 5217 1859 5290 „de
1872 5219 1962 5294 impiis
1979 5223 2150 5288 iuramentis
2171 5237 2355 5314 disputatio.”

298 5333 525 5344 ......-...-..
1100 5365 1104 5370 .
1406 5285 1465 5338 Ert.
1481 5283 1559 5339 1⁵43.

468 5435 476 5449 Ι
552 5431 559 5448 ·
592 5431 628 5449 ο,
780 5435 787 5450 Ι
1143 5432 1150 5448 ι
1372 5366 1420 5438 **)
1439 5369 1485 5421 nr
1505 5367 1633 5449 Albertur
1657 5369 1823 5451 cognomine
1841 5371 1990 5431 Achillem.
2036 5377 2287 5452 Additamenrum
2304 5403 2357 5453 g„

338 5435 370 5506 1)
381 5445 488 5490 curetis
506 5451 602 5508 semper
617 5451 669 5506 pro
687 5443 810 5489 wratra.
850 5433 978 5491 remu
993 5431 1211 5490 muraenam
1242 5452 1291 5490 ru-
1405 5435 1520 5491 Srbetm
1541 5439 1708 5518 (putaueras
1721 5439 1856 5494 inclusum
1881 5443 1951 5518 ert),
1972 5443 2079 5503 ridetur
2099 5457 2277 5525 protectum
2300 5487 2357 5524 ease

367 5506 479 5570 ratitir.
1404 5505 1440 5560 ab
1453 5523 1504 5580 eo,
1520 5522 1568 5577 qur
1581 5514 1660 5578 epact.
1670 5502 1743 5562 haue
1753 5506 1904 5582 descripsit.

294 4027 339 4120 S.
362 4048 408 4124 D.
458 4047 661 4122 Clarissima
684 4046 730 4118 D.
750 4044 885 4120 Doctor
914 4062 949 4120 et
970 4048 1082 4120 amice
1103 4049 1290 4125 carissime.

295 4149 336 4222 Si
350 4176 427 4224 non
444 4173 632 4243 possumus
654 4172 779 4219 omues
802 4131 1033 4222 contumelias
1052 4151 1210 4221 nominis
1234 4153 1289 4221 di-

295 4254 373 4324 vini
393 4254 584 4345 reprimere
607 4264 670 4322 aut
690 4250 835 4338 delere,
860 4267 978 4323 tamen
1004 4275 1200 4342 pugnemus
1224 4278 1289 4323 nos

296 4355 516 4427 semimortui
531 4378 571 4423 ac
589 4353 715 4438 laceri,
740 4369 781 4426 ut
801 4351 892 4424 latro
913 4377 1104 4424 conversus
1126 4353 1164 4423 in
1187 4380 1289 4424 eruce

297 4456 472 4535 refutabat
491 4449 757 4546 blasphemiam.
803 4453 910 4526 Hunc
933 4455 1067 4525 cultum
1085 4452 1161 4525 Deo
1186 4480 1287 4548 prae-

297 4574 446 4642 stemus,
477 4570 518 4626 ut
546 4556 622 4626 eius
645 4556 809 4628 notitiam
830 4581 871 4627 ac
895 4558 1126 4627 reverentiam
1147 4557 1288 4652 aliquo-

299 4685 378 4730 rum
394 4655 573 4732 mentibus
590 4657 816 4732 instillemus.
868 4655 987 4744 Quare
1013 4671 1047 4728 et
1070 4659 1286 4730 voluntatem
