4776 6260
56 337 134 414 oss
645 324 1088 406 ammonendos
1139 325 1335 408 aum
1388 317 1525 412 aas&
2019 341 2097 416 ota

57 508 259 582 ceremonia
283 530 358 579 non
382 518 471 578 esset
488 504 594 576 inane
611 503 866 596 spectaculum,
890 517 933 576 ιιι
955 526 1053 574 nunc
1103 500 1168 596 qui
1197 503 1401 575 didiesrnnt
1431 501 1631 588 doctrinam
1661 505 1813 598 Christi,
1847 535 1912 604 per
1941 539 2094 610 quorum
2127 507 2133 518 ⁴

54 608 320 703 Episcoporum
337 609 428 680 ritus
444 610 505 678 sed
523 607 710 699 profutura
723 619 815 680 esset
828 608 873 677 ad
894 604 1055 677 retinen-
1101 605 1322 676 finctionem
1346 607 1386 676 in
1407 609 1566 678 docendo
1590 625 1624 682 et
1646 615 1954 686 administratione
1968 617 2095 688 Sacra-

56 717 145 784 dam
166 713 347 784 doetrinae
374 711 563 801 puritatem
594 722 630 780 et
660 709 949 800 propagationem
971 731 1054 776 seu-
1102 721 1305 779 mentorum
1316 731 1398 779 vere
1415 723 1466 780 est
1477 712 1608 798 efficax,
1622 727 1656 783 et
1674 715 1757 786 facit
1770 739 1837 786 nos
1853 710 2021 790 haeredes
2037 719 2091 788 vi-

55 815 193 888 tentiae
214 811 481 886 Ecclesiasticae
506 813 552 882 ad
577 810 804 884 concordiam
817 821 869 882 et
892 809 1054 904 discipli-
1100 821 1157 880 tae
1173 822 1353 897 aeternae,
1376 812 1511 882 maiore
1526 813 1710 903 diligentia
1730 833 1912 900 curarent,
1935 833 1976 891 ut
1991 823 2091 891 ordi-

55 941 158 994 mm,
1100 913 1198 982 natio
1219 913 1350 984 rectius
1371 913 1698 1002 administraretur,
1723 931 1757 989 et
1777 941 1853 990 non
1872 937 2011 1012 pareret
2031 918 2090 993 bic

305 1037 313 1049 ·
541 1075 548 1094 ,
624 1073 631 1092 ,
1099 1015 1229 1103 gredau
1262 1015 1502 1086 sanctissimus
1535 1012 1743 1090 bominibus
1778 1045 1923 1112 prorsus
1956 1024 2089 1114 ignaris

446 1067 663 1150 Oldmalw·
1097 1110 1303 1205 Evangelii,
1326 1132 1388 1188 aut
1413 1112 1593 1204 hostibus,
1618 1133 1680 1191 aut
1699 1119 1918 1212 Epicuraeis.
1967 1125 2089 1219 Popu-

160 1213 239 1290 Etsi
263 1227 383 1310 postea
404 1217 448 1288 de
471 1214 698 1288 ordinatione
720 1235 842 1286 rursus
859 1212 1052 1286 dicendum
1098 1215 1155 1287 lus
1171 1217 1276 1288 etiam
1290 1221 1334 1288 de
1350 1219 1539 1290 ministerii
1560 1218 1826 1314 †Evangeliei’'
1848 1225 2027 1316 dignitate,
2053 1241 2088 1300 et

56 1320 174 1394 estin
196 1344 234 1390 ea
251 1334 369 1413 parte,
394 1319 434 1390 in
455 1341 523 1413 qua
540 1319 583 1386 de
604 1318 778 1390 servando
789 1312 828 1412 ¹⁸)
850 1315 1050 1386 ministerio
1099 1320 1144 1388 de
1162 1320 1388 1390 ordinatione
1410 1323 1593 1394 docendus
1623 1335 1692 1406 est,
1725 1338 1766 1397 nt
1786 1319 1855 1398 hoc
1879 1328 2003 1420 ingena
2024 1331 2087 1400 be-

52 1421 247 1512 Evangelii
275 1423 428 1493 dicetur:
466 1435 587 1492 tamen
623 1412 682 1490 hic
718 1418 950 1490 necessariam
984 1416 1053 1487 ad·
1097 1422 1263 1494 neliciunr
1287 1419 1356 1492 Dei
1379 1422 1578 1516 intelligere
1599 1425 1711 1498 discat
1733 1425 1849 1523 (quod
1870 1427 1968 1501 Deus
1991 1445 2085 1504 certo

52 1525 294 1598 monitionem
326 1524 482 1594 breviter
513 1519 740 1592 inserendam
771 1543 844 1592 esse
873 1518 1052 1591 duximus.
1096 1545 1162 1614 per
1180 1519 1247 1594 hos
1268 1537 1429 1612 vocatos,
1453 1539 1488 1597 et
1512 1523 1604 1598 hauc
1629 1527 1849 1600 functionem
1873 1532 1992 1603 efficax
2018 1533 2087 1630 est)

53 1627 194 1717 Magna
218 1649 273 1696 res
296 1638 348 1696 est
365 1638 400 1696 et
424 1624 617 1696 necessaria
631 1617 829 1706 Ecclesiae,
855 1645 939 1694 cura
956 1633 1050 1691 recte
1098 1639 1133 1696 et
1151 1625 1269 1718 ipsum
1294 1625 1533 1698 ministerium
1556 1625 1730 1720 †magis”
1756 1644 1869 1714 amet,
1895 1647 1930 1705 et
1951 1635 2085 1706 maiore

52 1729 273 1804 exercendae
288 1726 537 1799 ordinationis.
586 1721 666 1796 Etsi
681 1724 775 1794 euim
792 1721 889 1796 Deus
905 1721 1050 1815 propria
1096 1749 1181 1796 cura
1196 1749 1335 1798 servare
1350 1730 1506 1801 studeat:
1532 1730 1623 1802 sicut
1636 1730 1767 1822 singuli
1782 1756 1846 1804 suo
1861 1735 1941 1806 loco
1955 1738 2086 1810 debent

53 1856 125 1906 sua
139 1831 296 1922 potentia
311 1841 345 1901 et
357 1827 614 1919 gubernatione
627 1824 865 1896 ministerium
884 1821 1050 1914 Evange-
1096 1850 1244 1914 ornare,
1269 1841 1304 1899 et
1318 1831 1411 1900 tueri
1426 1825 1494 1903 boc
1509 1819 1744 1916 ministerium
1760 1848 1854 1920 recte
1869 1837 2093 1925 docentium,

51 1935 169 2006 licum
185 1944 320 2016 servat,
344 1943 378 2000 et
399 1930 525 2000 excitat
546 1928 621 2020 ipse
638 1941 794 2018 pastores
814 1939 851 1998 et
863 1924 1049 2019 Doctores,
1094 1929 1187 2002 sicut
1216 1953 1319 2022 saepe
1348 1933 1522 2024 scriptum
1549 1947 1601 2006 est
1630 1931 1708 2016 †et
1732 1930 1896 2010 Christus
1924 1939 2082 2034 inquit'':

54 2034 204 2110 etfacit
227 2036 395 2118 idoneos,
420 2045 461 2104 ut
482 2024 614 2123 Ephes.
636 2029 672 2101 4.
697 2029 869 2122 scriptum
894 2041 962 2098 est:
994 2041 1049 2100 ta-
1095 2025 1176 2126 Qur'
1189 2055 1250 2103 vos
1265 2031 1425 2128 spernit,
1449 2034 1670 2132 mesperm't.

53 2163 141 2209 men
158 2150 192 2207 et
206 2149 280 2208 tota
290 2131 459 2220 Ecclesia,
473 2148 508 2204 et
522 2132 674 2202 maxime
689 2132 875 2223 praecipua
888 2129 1048 2200 membra
1194 2131 1281 2205 Noti
1310 2149 1394 2207 sunt
1423 2149 1543 2207 autern
1572 2137 1749 2210 manifesti
1772 2139 1921 2226 abusus,
1955 2143 2085 2237 quibus

52 2237 236 2312 Ecclesiae
252 2237 357 2308 etiam
380 2259 485 2306 suum
507 2233 664 2304 studium
682 2245 716 2303 et
732 2253 877 2324 operam
893 2233 941 2302 ad
956 2226 1049 2300 bano
1094 2235 1273 2306 ordinatio
1290 2236 1412 2307 multis
1425 2236 1496 2308 iam
1510 2239 1636 2309 seculis
1648 2241 1832 2333 polluitur.
1883 2241 1988 2316 Valet
2005 2271 2085 2338 per-

54 2365 137 2412 rem
161 2342 318 2410 coralerre
346 2339 497 2422 debent,
526 2349 567 2405 ut
590 2347 842 2426 praeparentur
870 2332 978 2404 multi
1001 2335 1048 2403 ad
1093 2337 1229 2424 suasio,
1254 2339 1451 2409 sacerdotes
1464 2340 1626 2411 ordinari
1641 2355 1786 2435 propter
1800 2339 1840 2440 ¹⁷)
1863 2345 2084 2432 sacrificium,

56 2464 194 2512 rnunus
215 2441 384 2524 docendi,
417 2453 451 2510 et
473 2450 513 2508 nt
538 2435 695 2507 instituti
722 2459 761 2506 ac
787 2435 890 2507 certis
919 2434 1046 2505 locisa
1094 2463 1169 2509 non
1191 2440 1343 2510 docendi
1365 2437 1554 2532 Evangelii
1582 2465 1714 2514 caussa.
1762 2441 1812 2515 Et
1843 2439 1929 2516 haec
1959 2449 2082 2540 opinio

55 2542 174 2616 doctis
208 2541 505 2614 examinatoribus
537 2536 709 2630 explorati
738 2537 972 2608 admittantur
1000 2537 1047 2606 ad
1095 2541 1192 2612 auxit
1212 2565 1402 2614 numerum
1423 2544 1717 2618 sacrificulorum:
1751 2544 1846 2636 Quia
1868 2561 1993 2639 putant
2016 2547 2083 2622 lto-

52 2645 315 2730 ministerium,
339 2657 399 2712 aut
415 2641 632 2712 reiiciantur.
718 2727 723 2734 Ι
1094 2644 1226 2729 mines,
1250 2645 1432 2718 cumulare
1447 2641 1532 2717 haee
1545 2649 1731 2734 sacrificia,
1755 2650 1984 2741 praecipuum
2007 2655 2084 2724 cul-

160 2745 229 2816 llic
243 2748 345 2815 labor
355 2745 542 2816 mandatus
556 2741 627 2811 luit
641 2739 731 2816 olim,
741 2734 939 2832 Episcopis.
975 2738 1045 2810 Sed
1094 2758 1171 2815 tum
1192 2744 1261 2818 Dei
1284 2769 1370 2820 ease.
1425 2745 1547 2837 Quare
1568 2749 1615 2835 ii,
1646 2751 1710 2844 qui
1734 2751 1954 2822 ordinationi
1980 2779 2082 2846 prae-

52 2847 206 2944 plurimi
229 2847 293 2918 diu
318 2848 389 2918 iam
410 2868 571 2933 magnam
586 2841 768 2913 saevitiam
790 2853 952 2911 exercent
973 2841 1045 2911 imo
1093 2847 1257 2933 fuerunt,
1296 2848 1518 2922 admiserunt
1553 2850 1717 2924 indoctos
1749 2852 1827 2923 siue
1867 2853 2082 2946 discrimine,

53 2965 152 3024 recte
177 2951 359 3034 docentes,
383 2961 417 3020 et
442 2971 516 3016 non
538 2947 654 3015 solum
675 2942 850 3014 dioeceses
873 2965 951 3012 suas
971 2966 1046 3012 non
1094 2973 1174 3020 curn
1200 2951 1269 3021 soli
1287 2949 1342 3020 illi
1364 2951 1514 3024 fuissent
1529 2953 1757 3038 admittendi,
1782 2955 1846 3050 qui
1858 2957 2084 3032 mediocriter

53 3065 199 3138 rurant,
224 3053 286 3122 sed
303 3075 347 3120 ne
363 3074 506 3121 suarum
523 3047 667 3142 quidem
682 3045 862 3114 ditionum
876 3043 1047 3116 Ecclesiis
1093 3052 1220 3122 docere
1232 3054 1406 3144 populum
1421 3055 1465 3123 de
1481 3078 1563 3126 vera
1580 3056 1742 3128 doctrina
1757 3072 1913 3150 possent.

53 3169 216 3252 pastores
246 3153 474 3248 praeficiunt,
498 3162 533 3218 et
559 3173 648 3240 pene
670 3142 842 3218 Ethnicitt
867 3147 1046 3218 vestitam
1193 3153 1267 3226 larn
1283 3156 1313 3224 si
1329 3157 1520 3226 concordia
1536 3158 1782 3229 constituenda
1797 3173 1859 3244 est,
1885 3157 2081 3254 etEpisco-

55 3259 228 3330 efficiunt.
288 3251 532 3326 tdeo'nocesso
551 3263 603 3321 est
623 3249 833 3334 deliberari,
865 3250 1045 3343 quomodo
1093 3255 1148 3344 pis
1167 3257 1447 3327 commendanda
1471 3258 1709 3328 ordinationis
1727 3261 1915 3346 autoritas,
1941 3287 2081 3334 necesse

52 3363 242 3434 universae
259 3355 439 3428 Ecclesiae
454 3353 709 3423 consulendum
725 3351 781 3424 sit.
1093 3372 1144 3427 est
1159 3359 1259 3450 prius
1273 3359 1456 3429 doctrinae
1474 3381 1683 3430 consensum
1698 3384 1788 3445 esse,
1812 3374 1853 3431 ut
1867 3363 2001 3434 dictum
2019 3379 2081 3441 est,

158 3459 237 3534 Etsi
249 3457 437 3553 Episcopis
451 3455 621 3526 autoritas
633 3451 870 3524 ordinationis
884 3451 1047 3523 tribuen-
1092 3456 1233 3540 Deinde
1249 3475 1282 3532 et
1300 3464 1464 3529 mandata
1488 3461 1726 3530 ordinationis
1744 3463 1874 3531 dentur
1889 3464 1933 3533 de
1949 3467 2080 3536 docen-

55 3569 106 3640 da
128 3578 201 3648 est,
225 3583 364 3634 necesse
387 3572 441 3630 est
460 3570 501 3628 ut
519 3580 618 3632 stiam
645 3567 800 3624 mentem
823 3552 867 3623 ‘le
885 3553 1048 3623 doctrina
1093 3560 1141 3631 do
1155 3559 1369 3651 Evangelio,
1392 3573 1427 3631 et
1438 3561 1748 3633 administratione
1763 3561 2082 3655 sacramentorum,

55 3666 251 3740 declarent.
299 3661 391 3733 Nam
409 3659 441 3730 si
464 3671 569 3731 erunt
591 3671 624 3728 et
646 3656 842 3725 manebunt
859 3651 1048 3746 Evangelii
1093 3687 1168 3733 non
1194 3666 1238 3734 de
1261 3663 1341 3734 aliis
1361 3664 1545 3755 operibus,
1570 3675 1610 3734 ut
1631 3664 1827 3735 sacrificent
1847 3689 1913 3758 pro
1937 3669 2028 3739 vivis
2047 3687 2082 3742 et

55 3767 202 3852 hostes,
224 3787 288 3835 nec
308 3763 431 3834 volent
448 3761 543 3831 ullos
564 3760 608 3828 ad
632 3758 895 3828 ordinationem
918 3756 1048 3826 admit·
1093 3767 1257 3840 mortuis,
1295 3763 1368 3836 Noe
1383 3768 1583 3836 oneranda
1598 3781 1703 3838 erunt
1716 3767 1951 3840 conscientiae
1971 3772 2081 3863 impia

54 3887 153 3954 tere,
177 3867 253 3937 aine
268 3865 484 3954 obligatione
498 3862 543 3932 ad
558 3859 703 3952 impiam
718 3858 929 3942 doctrinam,
952 3860 1047 3928 etad
1094 3868 1170 3958 lege
1192 3869 1403 3953 coelibatus,
1427 3891 1518 3962 quae
1536 3868 1703 3940 omnibus
1721 3871 1941 3961 temporibus
1963 3897 2081 3944 caussa

57 3971 247 4046 delendam
265 3968 466 4047 veritatem,
491 3986 566 4032 non
588 3961 719 4054 poterit
733 3961 779 4030 ab
796 3959 845 4030 cis
868 3959 1047 4032 ordinatio
1093 3971 1163 4041 suit
1176 3971 1372 4040 multorum
1393 3969 1672 4042 tristissimorum
1688 3971 1877 4058 scelerum,
1907 3986 1942 4043 et
1957 3997 2083 4068 perpe-

57 4074 145 4168 peti.
196 4069 267 4144 Sed
287 4069 318 4139 si
337 4089 456 4138 veram
472 4063 689 4148 doctrinam,
713 4060 876 4154 amplecti
899 4073 934 4131 el
955 4061 1049 4132 tueri
1094 4072 1149 4142 tui
1161 4072 1259 4142 esitii
1274 4071 1396 4142 multis
1407 4065 1625 4142 hominibus.
1662 4067 1764 4141 Etin
1782 4074 1949 4144 universo
1967 4099 2083 4146 sacer-

63 4175 211 4258 vellent,
241 4184 276 4242 et
295 4169 434 4241 idoneis
458 4163 664 4238 hominibus
691 4187 836 4233 examen
860 4159 1049 4233 commen·
1095 4177 1219 4246 dotum
1233 4174 1359 4243 ordine
1374 4173 1429 4242 lox
1449 4173 1511 4242 illa
1533 4171 1672 4265 peperit
1683 4169 1875 4262 Ethnicam
1898 4177 2082 4249 obscoeni.

65 4278 167 4360 dare,
186 4274 363 4369 praeclare
378 4273 422 4342 de
435 4267 592 4341 Ecclesia
608 4265 737 4337 mereri
753 4279 909 4358 possent.
959 4263 1049 4337 Plu·
1096 4289 1202 4348 tatem
1216 4289 1251 4346 et
1267 4275 1527 4367 profanitatem.
1579 4273 1742 4364 Quom-m
1759 4291 1983 4368 peccatorum
1998 4307 2082 4350 con.

59 4379 191 4450 rimuan
208 4375 305 4447 enim
322 4374 428 4444 relect
441 4367 705 4441 ordinationem
719 4382 813 4438 recte
827 4368 1028 4438 instaurari.
1095 4379 1189 4470 ragio
1204 4401 1240 4448 se
1259 4377 1425 4470 polluunt
1437 4392 1579 4461 omnes,
1604 4378 1669 4471 qui
1682 4373 1774 4450 hanc
1789 4380 1902 4472 legem
1918 4383 1962 4452 da
1975 4383 2084 4453 coeli.

161 4473 261 4574 Et¹⁵)
279 4477 308 4546 si
331 4477 583 4567 gubernatores
597 4493 680 4540 vere
701 4471 965 4539 considerarent
991 4470 1048 4539 in..
1095 4484 1181 4553 bam
1197 4481 1393 4552 defendunt
1409 4491 1446 4550 et
1458 4477 1655 4551 stabiliunt,

54 4582 178 4676 gentia
191 4575 445 4661 beneficiaDei‚
461 4597 551 4668 qnae
567 4596 629 4664 per
643 4567 1049 4662 ministeriumEvange·
1432 4641 1440 4660 ‚
1523 4623 1546 4659 ¹.
1848 4643 1856 4660 ·

53 4689 172 4760 licum
185 4683 337 4752 dantur:
370 4679 467 4772 quod
491 4675 658 4746 videlicet
676 4671 775 4745 Deua
806 4668 872 4743 hac
901 4697 986 4744 voce
1015 4687 1050 4744 et
1248 4639 1309 4714 Β(
1323 4637 1554 4716 P⁰²⁰¹¹m¹¹⁰
1570 4651 1601 4714 ἰ
1622 4637 1666 4714 di
1680 4631 1930 4742 C⁰ns⁶⁸⁵¹⁰'²‘·

51 4811 137 4860 non
153 4785 257 4854 aliter
269 4781 338 4852 sibi
353 4779 488 4870 colligit
502 4792 683 4849 aeternam
695 4771 907 4858 Ecclesiam,
931 4789 966 4846 et
982 4798 1050 4845 no·
1196 4777 1526 4852 Manilestiasimum
1561 4791 1631 4862 est,
1658 4777 1857 4849 doctrinam
1889 4781 2084 4854 monacho-

50 4891 117 4964 bis
140 4885 278 4958 miseris
300 4879 506 4954 hominibus
525 4877 709 4950 mandavit
727 4901 853 4948 vocare
875 4872 1050 4960 homines,
1097 4909 1177 4956 rum
1199 4883 1244 4952 de
1267 4881 1486 4974 poenitentia
1508 4881 1595 4950 adeo
1618 4878 1725 4949 luisse
1749 4879 1935 4950 obscuram
1957 4897 1992 4954 et
2008 4887 2084 4975 ple·
2106 4932 2112 4941 .
2156 4889 2160 4902 ’

1099 5010 1180 5057 nam
1199 4985 1455 5076 perplexitatis,
1475 4975 1759 5076 labyrinthorum
1786 4994 1821 5051 et
1845 5005 2017 5071 errorum,
2043 5003 2083 5059 ut

56 5091 265 5116 ““’“”“””“””
1099 5113 1172 5158 non
1188 5087 1305 5157 solum
1322 5109 1342 5155 a
1357 5084 1510 5178 populo,
1534 5083 1596 5152 sed
1611 5104 1657 5151 ne
1672 5081 1717 5152 ab
1734 5081 1819 5174 ipsis
1834 5083 1979 5176 quidem
1997 5091 2084 5158 scri-

131 5213 358 5284 impooerentur‚
381 5219 408 5264 et
430 5207 538 5282 publica
564 5205 881 5286 precationepeteretur
904 5202 1005 5292 mentis
1024 5209 1052 5254 et
1099 5189 1261 5284 ptoribus
1280 5188 1415 5278 integre
1435 5196 1594 5280 percepta
1609 5179 1666 5258 sit,
1716 5181 1985 5276 Proposuerum
1998 5213 2086 5262 con„

71 5291 78 5302 ”
131 5280 223 5336 cordis
242 5279 414 5333 confirmatio
435 5289 463 5332 et
480 5279 639 5346 gubernatio
659 5289 688 5326 ιιι
709 5271 750 5326 bas
770 5269 982 5352 confitentibus?
1005 5295 1051 5352 .-

129 5348 213 5416 (cot.
228 5345 345 5420 Guslpb.
357 5348 478 5418 sequitur
490 5343 693 5414 autographon.
708 5351 740 5396 ιιι
751 5350 833 5396 ettam
846 5355 877 5394 tn
887 5337 947 5400 slus
959 5337 1051 5406 loeas.)

92 5433 147 5588 ig}
160 5429 537 5584 magnanimo.
1133 5503 1181 5572 17)
1196 5502 1407 5648 ρνοριεέὒιιξι.
1415 5507 1534 5569 propter
1542 5498 1656 5560 measse.
