4796 6258
336 308 424 394 ,sn
678 308 683 316 ·
920 297 1362 380 nmsrouscuu
1415 299 1526 377 mn
1559 299 1626 382 1r.
1679 301 1813 384 1⁶44.
2269 323 2320 404 ,o

341 499 448 562 llum
470 495 557 558 ml·
610 477 683 554 Sed
704 473 792 552 haec
814 501 898 552 clm
913 501 990 549 non
1005 477 1120 568 ungit
1139 472 1347 547 barbaricos
1396 474 1475 568 ipso
1490 499 1650 550 munere.
1700 473 1755 550 Dc
1768 477 1849 550 sula
1865 491 1980 550 vestra
1999 504 2073 554 non
2092 506 2183 557 sumo
2202 485 2272 562 mibi
2285 496 2320 567 iu-

350 586 549 688 principes,
572 582 709 656 ebenus
726 607 749 654 s
762 574 1011 677 philosophia,
1036 593 1071 650 et
1088 578 1161 650 scio
1181 590 1216 649 te
1231 575 1347 648 virtu-
1396 577 1544 654 dicium.
1602 575 1707 652 Certe
1737 581 1861 653 literae
1890 581 2062 676 principis
2089 589 2131 658 ad
2150 585 2319 668 Academiam

351 692 398 770 tis
413 711 516 764 causa
532 686 624 758 velle
638 685 684 758 de
705 685 847 778 republ.
866 685 959 756 bene
979 681 1120 757 mereri.
1168 675 1346 750 Existimo
1396 677 1577 772 Lipsicatn
1596 695 1697 754 erant
1719 676 1967 755 honestissime
1988 687 2132 780 scriptae
2161 703 2191 762 et
2209 697 2321 770 conice·

351 809 489 879 tamen,
513 803 677 862 nostrum
691 787 875 872 ordinem,
900 779 938 860 b.
951 809 981 856 e.
1002 779 1250 856 scholasticum
1267 803 1348 872 gre-
1396 781 1486 852 bant
1500 782 1675 854 illustrem
1690 785 1981 876 significationem
1994 802 2104 861 rectae
2122 792 2321 870 voluntatisec

350 919 430 992 gem
444 905 508 968 tua
521 889 829 980 beneficiamagni
842 890 967 974 iacere,
992 902 1097 983 teque
1113 897 1211 975 grata
1224 895 1347 954 mente
1397 906 1438 975 ga
1455 885 1646 979 puritatem
1660 882 1859 980 Evangelii.
1910 885 1995 960 Ideo
2012 893 2145 979 nescio,
2168 919 2208 965 an
2223 897 2350 972 nituit

351 997 483 1086 colere.
531 992 587 1067 De
608 1017 668 1064 me
684 993 828 1088 quidem
849 985 919 1062 boc
935 989 1109 1060 affirmare
1123 1009 1289 1080 possum,
1311 997 1347 1054 et
1397 987 1577 1056 adversari
1606 988 1756 1060 consilio
1784 992 1829 1060 de
1850 988 2084 1070 Consistorio.
2137 993 2203 1068 Nec
2223 1001 2317 1074 arbitra

348 1102 396 1176 de
416 1093 585 1169 Erosmo
610 1109 733 1168 nostro
756 1087 994 1164 Salveldensi
1022 1105 1057 1162 te
1088 1114 1109 1161 a
1138 1087 1244 1159 nobis
1266 1101 1348 1157 tan-
1396 1085 1702 1161 idConsistorium
1717 1106 1957 1184 pugnaturum
1973 1119 2054 1166 cum
2067 1093 2259 1189 Evangelio,
2276 1129 2321 1174 cun

350 1225 460 1302 qnam
482 1214 620 1296 patrem
643 1196 756 1287 diligi.
809 1193 919 1268 Mitto
939 1193 1007 1264 tibi
1032 1193 1197 1284 exiguum
1214 1212 1346 1261 munus
1396 1187 1568 1262 Doctores
1585 1186 1803 1284 Theologiae
1817 1192 1951 1288 Lipsici
1968 1197 2039 1269 sint
2053 1200 2227 1291 praecipua
2243 1205 2321 1276 suffra

349 1301 676 1398 adsignificandam
700 1321 813 1370 meam
829 1296 1135 1379 benevolentiam,
1160 1294 1258 1363 etde
1282 1294 1347 1363 ad·
1397 1292 1457 1383 gia
1477 1294 1517 1363 io
1541 1317 1583 1365 eo
1605 1308 1731 1366 senatu
1753 1291 1923 1371 habituri.
1974 1297 2048 1370 Nec
2065 1297 2152 1372 mibi
2166 1303 2241 1375 libet
2253 1307 2322 1398 suspi.

350 1403 495 1493 hortor,
519 1418 561 1476 ut
575 1401 803 1491 astrologice,
830 1423 919 1496 quae
933 1391 1065 1471 Ioocle.
1081 1389 1347 1492 leucopetram
1397 1397 1517 1465 ciones
1543 1395 1648 1470 alere.
1707 1395 1816 1486 Quod
1845 1397 1875 1468 si
1902 1394 1970 1469 hoc
1992 1416 2170 1494 praetextu
2187 1407 2323 1478 moliantu
2349 1383 2350 1408 l

350 1509 531 1584 editurum
552 1519 586 1577 te
606 1502 833 1597 significavit,
863 1495 1095 1598 typographis
1119 1499 1248 1572 tradas.
1305 1495 1345 1568 Si
1396 1497 1553 1592 aliquam
1570 1499 1829 1571 restitutionem
1850 1525 2046 1588 canonum,
2073 1529 2126 1576 res
2146 1507 2214 1598 ipsa
2231 1524 2258 1579 et
2272 1524 2323 1581 ten

348 1635 430 1684 meo
445 1609 566 1705 aliquo
581 1609 704 1678 labore
718 1628 794 1676 eam
818 1603 1104 1674 lucubrationem
1127 1599 1224 1670 voles
1248 1621 1346 1668 com·
1396 1624 1484 1691 pora
1498 1602 1705 1688 ostendent,
1730 1604 1817 1696 quid
1834 1617 1968 1693 agatur.
2017 1603 2114 1678 Haec
2128 1609 2350 1702 simplicium,

348 1713 518 1785 mendaci
529 1709 716 1794 studiosis,
740 1731 816 1776 non
834 1704 947 1776 deerit
959 1705 1027 1776 tibi
1044 1726 1162 1775 meum
1176 1699 1345 1774 officium.
1396 1702 1517 1772 animo
1549 1703 1694 1795 scripsi,
1725 1717 1904 1790 metuens,
1945 1729 1992 1776 ne
2026 1712 2234 1784 adversando
2258 1713 2323 1801 mgis

348 1813 454 1891 Certe
476 1814 572 1886 enim
597 1812 789 1883 accendere
822 1806 1025 1898 ingeniosos
1054 1807 1099 1876 ad
1130 1804 1346 1894 optimarum
1396 1804 1592 1874 alienemus
1617 1804 1817 1878 voluntates
1839 1807 2010 1887 infirnus.
2062 1809 2158 1886 Bene
2176 1816 2250 1890 vale
2288 1813 2324 1884 llic

349 1919 482 1992 artium
503 1915 621 1986 studia
645 1933 784 2003 semper
807 1923 954 1982 conatus
975 1933 1073 1993 sum,
1110 1905 1241 2001 quibus
1263 1903 1346 1997 qui·
1400 1906 1458 1980 18.
1473 1903 1698 1982 Novembris.
2163 1978 2167 1986 s

349 2023 433 2094 dem
450 2043 508 2090 me
523 2039 666 2112 quoque
681 2035 827 2107 prorsus
842 2011 1033 2097 dedissem,
1058 2007 1201 2080 nisime
1225 2006 1344 2077 nescio
2180 2017 2215 2093 p·
2227 2018 2267 2094 M⁸

350 2125 449 2220 quod
471 2122 584 2192 iatum
604 2115 836 2209 implicuisset
856 2113 965 2184 nimis
979 2112 1087 2183 variis
1102 2108 1345 2202 occupationi·

349 2225 419 2296 bus
433 2224 492 2295 vel
507 2219 687 2293 aerumnis
699 2217 830 2310 potius.
871 2215 942 2289 Sed
958 2212 1036 2287 Deo
1052 2216 1347 2306 obtemperemus,
1399 2229 2322 2269 *Ἡ-*ωἮ-τ-*ω--ψ--ω

350 2325 414 2422 qui
427 2326 516 2397 alios
532 2322 661 2396 adalia
676 2342 826 2392 munera
840 2331 955 2395 vocat.

452 2423 555 2500 Eros.
570 2417 681 2520 M.')
695 2445 911 2515 magnopere
935 2419 1033 2512 eupit
1059 2416 1185 2488 excudi
1208 2414 1348 2487 tabulas
1403 2383 1617 2526 Q
1759 2481 1762 2486 ,
2213 2418 2256 2482 15.
2267 2405 2312 2472 llo.

350 2529 609 2614 directionum,
633 2549 740 2622 seque
765 2525 985 2595 adiecturum
1002 2521 1177 2616 quaedam
1200 2518 1349 2610 pollice-
2174 2500 2321 2535 *Ν

349 2647 421 2709 tur.
472 2629 593 2702 Vellet
617 2627 727 2718 igitur
747 2650 789 2697 ea
802 2628 848 2696 de
871 2650 910 2696 re
933 2649 1014 2695 cum
1030 2617 1261 2718 typographis
1282 2620 1348 2710 agi.
1813 2595 1985 2688 Eidem.

349 2733 444 2808 Nam
464 2757 546 2805 cum
576 2731 617 2801 in
649 2725 780 2800 scholis
812 2728 886 2799 sint
906 2725 989 2798 usui
1014 2725 1175 2812 futurae,
1209 2723 1348 2795 utiliter
1500 2747 2082 2832 †ttxspogr.eot.Gou.19np.1ts.

350 2835 461 2908 vendi
489 2855 591 2926 posse
619 2833 716 2902 bona
746 2851 824 2922 spes
852 2842 915 2904 est.
972 2825 1100 2898 Sciunt
1124 2819 1349 2921 typographi,

351 2932 580 3010 scholasticos
600 2932 759 3018 libellos,
785 2931 848 3026 qui
872 2929 1003 3000 artium
1026 2942 1210 3020 praecepta
1232 2925 1349 2999 conti·
1451 2902 1542 2979 Ani
1551 2906 1660 2980 01)ἷο
1689 2905 2014 3005 herterbarch,
2055 2913 2206 2992 Pastori
2231 2909 2299 2986 Eat

351 3054 451 3126 nent,
465 3037 591 3108 excudi
603 3033 790 3107 foeliciter.
815 3029 901 3103 ldeo
918 3031 948 3102 si
957 3025 1154 3102 authoritas
1167 3029 1350 3102 accesserit
1813 3012 1985 3096 Piraeus.

352 3156 428 3230 tua,
440 3139 597 3212 obtineri
612 3161 670 3208 res
683 3134 824 3230 poterit.
858 3133 959 3207 Solvi
976 3134 1129 3225 pretium
1145 3159 1209 3226 pro
1227 3132 1349 3202 labore
1400 3119 1445 3210 S.
1470 3140 1516 3220 D,
1566 3139 1614 3216 Et
1630 3145 1738 3216 dilexi
1754 3173 1795 3220 ex
1810 3153 1930 3222 animo
1940 3123 2150 3226 Collatiam
2165 3149 2324 3250 propterpie

352 3243 579 3316 describendi
595 3241 728 3310 iustum
743 3251 805 3311 est.
857 3235 999 3325 Quaeso
1013 3236 1122 3326 igitur
1137 3236 1268 3321 scribe,
1291 3234 1351 3303 vel
1401 3257 1509 3316 tatem
1535 3261 1570 3318 et
1592 3250 1846 3339 professionem
1871 3250 2060 3347 Evangelii
2085 3273 2120 3332 et
2141 3257 2258 3351 ingenii
2272 3256 2322 3323 doit

288 3371 302 3382 ·
352 3369 418 3469 per
433 3335 669 3417 Ioocdimum
684 3333 897 3436 Leucopetr.
913 3337 1087 3428 significa,
1112 3339 1198 3432 quid
1217 3339 1261 3408 de
1275 3337 1351 3407 edi·
1402 3348 1575 3441 egrogioo‚
1600 3362 1634 3420 et
1648 3339 1740 3421 hene
1755 3357 1835 3425 v010
1854 3352 2124 3432 honestissimae
2140 3365 2263 3444 vidone,
2279 3373 2323 3448 qut

353 3462 453 3522 trone
482 3471 605 3567 comm
629 3444 834 3516 tabularum
856 3437 1022 3511 Erasmo
1045 3443 1268 3532 sperandum
1294 3439 1351 3511 sit.
1401 3451 1518 3524 fuitei
1533 3466 1661 3544 nuptn;
1690 3479 1798 3547 qum
1814 3460 1987 3530 mevolde
2003 3467 2115 3553 pudet
2160 3464 2323 3536 nondumne

353 3541 552 3622 Ioaclsrmo
567 3541 812 3644 Leucopetreo
835 3569 901 3636 pro
919 3543 1128 3614 muneribus
1147 3542 1352 3630 missisgra·
1403 3555 1460 3625 his
1479 3553 1519 3624 io
1543 3554 1615 3622 levi
1636 3541 1753 3627 officio
1773 3561 2007 3650 gratificatum
2023 3518 2133 3641 essu,
2160 3567 2223 3639 Sed
2239 3557 2323 3632 (oblitlt

355 3654 425 3726 tias
438 3675 524 3744 ago,
541 3667 575 3725 et
593 3652 742 3722 salutem
761 3649 796 3718 ei
805 3662 907 3764 opto.
933 3643 1225 3720 ldibNovembr.
1244 3638 1354 3714 1544·
1405 3679 1467 3727 cor
1479 3657 1573 3724 inter
1587 3670 1738 3728 caeteras
1755 3665 2013 3756 occupationes.
2068 3668 2199 3740 Verum
2221 3657 2325 3736 nondic-

1405 3758 1476 3830 tius
1491 3757 1656 3827 differam
1670 3755 1762 3834 banc
1777 3766 2083 3859 scriptiunculam.

1507 3857 1562 3929 De
1592 3866 1800 3936 ceremoniis
1825 3870 1893 3939 scis
1914 3895 2020 3966 quam
2043 3875 2177 3947 invitus
2198 3869 2295 3942 scribat
2304 3853 2324 3927 D.

356 4051 391 4125 N
467 4046 544 4120 ⁰⁷4
1272 4043 1302 4110 N
1405 3957 1596 4080 Doctor*).
1646 3961 1695 4036 Et
1711 3983 1751 4038 ut
1766 3971 1916 4042 maxime
1933 3975 2084 4046 sormam
2099 3962 2321 4068 componenti

392 4055 465 4127 ο.8
546 4100 556 4124 .
927 4083 929 4092 ’
1176 4055 1353 4166 ss
1406 4065 1997 4160 tellrgoinaliisregionibusalias
2019 4079 2215 4151 formasvcl
2235 4075 2317 4156 recoli

364 4146 537 4179 ’Ν
1033 4241 1039 4258 ,
1407 4189 1480 4236 esse
1494 4169 1551 4238 vel
1568 4169 1701 4262 quaeri.
1753 4169 1921 4266 Optarim
1946 4180 2111 4272 equidem
2135 4183 2205 4252 sine
2225 4159 2321 4264 supersi

649 4241 708 4330 Α·
737 4237 1076 4327 Lauterbacllw·
1406 4270 1504 4341 tione
1535 4273 1750 4350 mediocrem
1781 4301 1853 4348 esse
1884 4279 2158 4354 similitudinem
2187 4270 2326 4368 elegirint

447 4379 942 4482 †Exapogr.eod.Goti.190.p.
964 4397 1024 4452 109.
1407 4374 1700 4444 ceremoniarum.
1758 4378 1829 4450 Sed
1858 4404 1939 4452 cum
1972 4383 2134 4472 videam,
2167 4406 2237 4456 suas
2258 4371 2327 4458 cuine

1408 4475 1624 4545 ceremonias
1641 4501 1766 4569 magun
1785 4505 1826 4552 ex
1844 4498 1942 4574 parte
1956 4486 2114 4578 placere,
2131 4492 2173 4558 de
2191 4484 2246 4556 hac
2258 4484 2327 4546 noct

360 4556 522 4642 Clarias.
538 4561 633 4644 viro,
665 4555 813 4676 egregia
829 4549 1031 4626 eruditione
1050 4562 1081 4624 et
1099 4550 1233 4652 pietate
1246 4573 1355 4650 prae·
1408 4600 1537 4669 pugno·
1591 4575 1736 4650 Utinam
1754 4579 1850 4654 Deus
1868 4587 2049 4659 doctrinae
2064 4615 2168 4662 vera-c
2188 4585 2327 4660 coraseut1ss

361 4666 440 4744 dito
464 4664 520 4744 D.
548 4662 758 4738 ΑΜΟΜΟ
786 4650 1109 4744 L‘Wl‘sbadls
1132 4649 1356 4732 PMbEwl·
1407 4693 1569 4760 tueatur,
1608 4704 1699 4773 quac
1731 4685 1762 4754 si
1798 4686 1959 4766 manebit
1991 4690 2211 4785 incorrupta,
2249 4683 2328 4764 [ΕΦΨ

624 4759 836 4850 lefflslss
863 4783 984 4831 ΝΜΟ
1008 4784 1087 4836 ⁸⁸¹⁰·
1409 4782 1514 4851 etiarn
1541 4782 1732 4854 consilium
1755 4789 1798 4857 de
1826 4792 2037 4864 ceremoniis
2060 4797 2224 4868 ostendet.
2269 4773 2330 4850 llll

361 4885 447 4978 Etsi
470 4903 615 4985 malim,
652 4901 696 4970 de
721 4921 799 4969 mea
821 4920 925 4968 causa
947 4920 1022 4967 nou
1046 4898 1161 4965 facere
1185 4905 1357 4985 sumptus,
1408 4883 1477 4954 tibi
1491 4883 1684 4956 editionem
1700 4889 1897 4980 proximam
1915 4893 2095 4980 locorum,
2122 4912 2155 4967 et
2169 4895 2256 4964 mitto
2266 4893 2292 4950 ut
2302 4873 2332 4938 iu·

362 5005 569 5102 praesertim
590 5004 630 5073 in
654 5001 763 5072 rebus
786 5024 862 5071 non
885 4998 1113 5080 necessariis,
1145 5010 1264 5067 tamen
1286 4989 1357 5066 bu·
1409 4987 1500 5072 dici,
1526 4987 1603 5058 viro
1623 4990 1727 5062 docto
1749 4993 1883 5086 cepio,
1911 5010 1945 5067 et
1968 5010 2068 5090 peto,
2096 5015 2134 5072 ut
2155 4991 2235 5066 nihi
2251 4969 2332 5070 sinit

362 5109 533 5182 manitate
554 5121 589 5178 et
610 5115 730 5175 amore
749 5118 811 5175 tuo
833 5102 1008 5187 delector,
1047 5099 1184 5192 tibique
1208 5099 1357 5190 gretiam
1409 5113 1486 5176 ces,
1520 5089 1549 5160 si
1571 5090 1659 5184 quid
1681 5094 1882 5178 inveneris,
1920 5101 2018 5192 quod
2050 5095 2244 5194 displicebit.
2287 5069 2332 5147 5⁶3⁰

362 5210 477 5286 babeo
494 5234 559 5304 pro
576 5222 637 5281 tua
660 5231 743 5299 erga
768 5231 826 5277 me
848 5201 1118 5286 benevolentia,
1144 5215 1180 5272 et
1198 5224 1264 5295 pro
1288 5195 1358 5272 boc

370 5401 566 5416 Μ

1445 5421 1475 5483 *l
1500 5421 1572 5477 Vide
1589 5421 1703 5477 Lutberi
1724 5423 1805 5492 epist.
1828 5421 2025 5480 Lanterbaebio
2044 5421 2167 5494 scriptam
2185 5417 2208 5470 d.
2226 5411 2258 5469 tt
2276 5397 2309 5456 lcl.
2322 5397 2335 5440 ²¹

395 5499 425 5574 *l
441 5499 570 5558 &umus
586 5495 701 5553 noster?
1482 5492 1510 5546 g,
1522 5491 1547 5546 ρ,
1562 5491 1632 5546 ch.
1652 5489 1726 5546 2544·
