4776 6260
330 293 406 376 571
916 289 1362 374 urtsronnnuu
1411 297 1520 395 utu.
1546 299 1613 383 uc.
1666 303 1799 386 teta
2254 313 2303 396 tte

335 473 581 566 voluptatum,
622 481 657 542 et
683 467 839 562 populus
862 468 1095 562 tranquillam
1125 469 1331 542 servitutem
1380 475 1486 548 nobis
1502 477 1671 550 omnibus
1688 502 1709 548 a
1725 479 1858 552 talibus
1880 480 2060 558 interdum
2073 487 2250 560 costumia
2266 493 2306 560 al·

335 576 448 668 magis
467 575 626 691 amabat,
657 596 765 666 quam
786 571 930 664 imperii
949 571 1119 662 gloriam,
1142 595 1234 666 quae
1256 573 1333 642 sine
1381 576 1449 651 bei.
1501 575 1641 650 Horum
1657 580 1831 672 imagines
1846 583 1885 654 in
1899 577 2041 658 Plauto
2054 582 2306 684 etTerenlicpn-

335 679 474 770 magnis
496 676 698 760 laboribus,
727 674 980 746 certaminibus
1002 689 1039 746 et
1057 673 1224 766 periculis
1247 674 1334 744 reti·
1367 680 1533 771 positas,
1566 682 1756 772 diligenter
1778 685 1961 758 intueatur
1981 689 2157 775 inventus,
2183 706 2306 783 ntegra

335 782 415 854 neri
431 801 506 852 non
521 790 657 872 potest,
682 776 943 848 transtulerunt
957 771 1169 848 Comoedias
1190 778 1236 846 ad
1257 776 1334 869 pri·
1381 805 1495 868 scere,
1518 783 1656 870 odisse,
1683 798 1718 855 et
1741 787 1862 877 sugere
1883 814 2060 874 morosos,
2089 763 2237 867 tinem„
2273 819 2308 890 ‘l'

336 899 517 968 vatorum,
543 881 616 950 imo
634 881 680 950 ad
697 880 887 964 iuvenum,
909 877 1136 949 meretricum
1160 892 1194 950 et
1210 903 1333 949 servo·
1381 879 1592 977 cophantas,
1631 888 1851 976 ardeliones,
1891 907 2094 982 arrogantes
2129 851 2307 981 aremulus

335 1011 416 1064 rum
438 985 561 1070 ludos,
594 982 776 1075 pericula,
808 995 843 1053 et
867 982 1104 1074 inexpectatae
1125 1003 1244 1066 casus,
1270 981 1333 1074 qui
1380 1011 1533 1080 quorum
1556 989 1682 1080 plenae
1702 1004 1788 1064 ,unt
1809 1017 1933 1064 omne,
1955 995 2111 1068 civim„
2126 997 2229 1068 gam
2267 998 2308 1070 N,
2341 1051 2342 1072 χ

334 1113 417 1162 cum
435 1089 549 1158 exitus
570 1099 656 1156 sunt
680 1085 783 1168 laeti,
803 1107 930 1174 magna
954 1107 1035 1154 cum
1061 1083 1244 1176 voluptate
1267 1107 1333 1153 au·
1379 1083 1576 1160 Terentius
1599 1091 1692 1183 ipse,
1717 1117 1798 1163 eum
1812 1089 1993 1168 Demeam
2021 1113 2055 1172 et
2066 1093 2241 1170 Miliarem
2258 1125 2309 1170 con
2341 1079 2342 1088 ἵ

336 1192 498 1266 diuntur.
534 1183 583 1258 Et
597 1201 716 1259 tamen
733 1187 922 1258 eonsilium
939 1185 978 1254 in
993 1185 1236 1257 describendis
1253 1210 1333 1279 per·
1379 1191 1505 1278 ferret,
1531 1191 1625 1262 cives
1643 1195 1812 1266 obscuros
1836 1211 1870 1268 et
1890 1198 2065 1290 ignobiles
2080 1215 2187 1272 mente
2199 1201 2309 1272 intucbe

336 1294 433 1366 sonis
446 1295 542 1364 idem
556 1290 626 1360 fuit
641 1290 679 1358 in
695 1284 761 1360 bac
775 1313 867 1358 nova
884 1285 1088 1373 Comoedia,
1103 1289 1200 1383 quod
1218 1288 1256 1358 in
1273 1311 1334 1358 ve-
1381 1307 1450 1367 tur.
1501 1293 1574 1366 Sed
1588 1287 1746 1366 Catonis
1760 1301 2002 1373 morositatem
2013 1304 2194 1391 irridebat,
2215 1298 2310 1375 etbae

335 1397 416 1470 teri.
466 1393 641 1468 Sedtecte
656 1392 746 1462 lictis
765 1391 973 1462 nominibus
989 1405 1023 1461 et
1044 1390 1193 1481 privatis
1211 1415 1334 1482 perso-
1382 1391 1429 1464 lii
1449 1419 1512 1466 seu
1534 1392 1722 1494 Scipionis
1745 1403 1952 1490 gravitatem
1980 1406 2122 1478 lenitate
2144 1421 2175 1478 et
2194 1407 2310 1477 suavitate

335 1498 393 1570 nis
422 1495 641 1588 potentiores
670 1494 981 1585 significabantur,
1024 1505 1059 1563 et
1091 1493 1333 1564 miscebantur
1379 1511 1609 1591 temperatam
1626 1501 1805 1578 laudabat.
1858 1504 1909 1576 lta
1935 1508 2001 1578 erit
2018 1509 2154 1580 dulcior
2173 1506 2342 1579 lectioCei

336 1600 484 1674 tonsilia
499 1601 543 1668 de
558 1597 726 1668 Omnibus
742 1597 835 1667 vilae
852 1597 1029 1687 Partibus,
1055 1619 1094 1666 tt
1116 1607 1255 1674 lantum
1270 1619 1332 1664 ve·
1380 1601 1614 1688 moediarum,
1628 1627 1709 1673 cum
1719 1605 1829 1676 vitam
1841 1601 2031 1680 hominum
2047 1612 2312 1704 contemplabimur,

335 1701 486 1779 nustatis
507 1713 542 1772 et
562 1699 693 1793 leporis
717 1687 755 1768 iu
771 1691 988 1767 Menandri
1005 1696 1136 1768 fabulis
1157 1697 1247 1782 fuit,
1269 1697 1333 1788 qui
1380 1715 1414 1776 et
1430 1727 1580 1796 quorum
1596 1707 1790 1798 pingantur
1805 1734 1938 1797 mores,
1962 1715 2265 1785 animadvertemug
2341 1733 2342 1738 κ

335 1819 440 1880 autor
459 1818 510 1876 est
531 1802 742 1894 praecipuus
764 1825 878 1871 novae
903 1797 1135 1884 Comoediae,
1167 1811 1210 1870 ut
1234 1798 1333 1870 dixe·-

334 1909 412 1982 rint
427 1907 491 1976 illo
507 1905 580 1974 sale
595 1926 799 1995 conspersas
815 1927 906 1988 esse,
921 1926 961 1973 ex
980 1927 1050 1996 quo
1063 1897 1108 1974 V
1101 1924 1208 1986 enus,
1226 1925 1332 1994 quam

334 2011 476 2100 lingunt
494 2008 586 2077 mari
610 2019 747 2092 ortam,
786 2018 869 2077 nata
898 2005 1040 2077 dicitur.
1099 2001 1191 2074 Cum
1215 2017 1334 2074 nutem

336 2113 459 2190 eadem
473 2123 585 2180 aetate
600 2109 705 2178 multi
723 2099 879 2176 Athenis
895 2108 933 2176 in
951 2109 1076 2176 eodem
1097 2129 1224 2196 genere
1246 2105 1334 2176 scri-

335 2215 446 2285 bendi
462 2211 699 2295 elaborarint,
724 2223 759 2280 et
783 2210 916 2300 egregia
934 2223 1163 2280 monumenta
1179 2209 1334 2301 plurima

335 2316 564 2410 reliquerint,
597 2336 812 2404 magnopere
844 2314 1040 2384 dolendum
1064 2324 1135 2395 est,
1167 2334 1230 2380 seu
1266 2305 1335 2379 ho-

335 2420 473 2490 minum
517 2417 699 2500 barbarie,
740 2438 802 2486 seu
843 2428 989 2507 propter
1021 2412 1154 2484 excidia
1188 2412 1333 2482 urbium

335 2522 456 2594 omnia
472 2521 634 2592 funditus
649 2517 836 2590 interiisse.
887 2516 979 2586 Nam
996 2529 1030 2585 et
1046 2540 1086 2584 ex
1102 2507 1259 2584 Latinis
1274 2528 1333 2586 ut-

336 2649 477 2718 cunque
499 2621 679 2694 aestimari
701 2633 833 2712 potest,
875 2631 1052 2712 quantum
1075 2617 1272 2688 venustatis
1294 2615 1332 2685 in

1483 1831 1690 1908 interimet
1723 1831 1791 1909 hoe
1822 1842 1983 1932 proderit
2010 1843 2209 1929 iuvenibus,
2230 1844 2311 1924 vidue

1380 1935 1445 2006 ubi
1461 1958 1481 2004 a
1497 1938 1600 2007 factis
1620 1940 1828 2030 vulgaribus
1846 1945 1959 2015 oratio
1979 1946 2025 2015 ad
2042 1941 2172 2017 Thesea
2187 1961 2215 2016 et
2227 1945 2312 2037 graiis

1381 2038 1550 2108 simarum
1568 2039 1687 2111 rerum
1705 2044 1884 2116 doctrinas
1908 2048 2148 2122 transferatur.
2195 2047 2312 2139 Quedtu

1381 2164 1503 2211 servus
1522 2147 1615 2234 apud
1630 2137 1832 2230 Plautum,
1856 2173 1930 2219 non
1947 2135 2051 2221 reddi
2068 2165 2228 2224 mutuum.
2263 2147 2313 2218 lude

1381 2267 1486 2336 quam
1495 2241 1682 2335 Tragicam
1697 2250 1877 2342 querelam
1896 2252 2049 2340 extruit,
2074 2256 2117 2326 de
2129 2255 2232 2346 legum
2245 2251 2313 2322 etbe-

1381 2369 1512 2415 norum
1528 2371 1668 2422 morum
1686 2353 1893 2424 contemtu?

1423 2475 1549 2556 Mores,
1572 2475 1655 2560 leges
1679 2483 1885 2562 perduxerunt
1906 2483 2022 2548 iamin
2047 2495 2216 2568 potestaten
2231 2501 2297 2546 satur

1424 2561 1490 2624 Eae
1519 2561 1650 2627 miserae
1677 2567 1768 2630 etiem
1797 2571 1835 2632 ad
1865 2571 2010 2718 persistent
2045 2581 2115 2635 sunt
2144 2571 2217 2635 lixae
2239 2567 2298 2632 claris

1929 2677 2043 2732 errasse

337 2722 493 2799 Graecis
515 2725 640 2808 luerit,
679 2737 712 2793 et
735 2723 930 2811 fragmenta
952 2733 1037 2790 sunt
1060 2719 1333 2810 elegantissima,

336 2827 501 2922 Denique
529 2837 807 2896 cousentaneum
833 2835 902 2906 est,
928 2816 1252 2902 bominesAilieos
1274 2821 1333 2889 in-

335 2931 451 3022 geniis
474 2943 508 3001 et
533 2927 735 2998 eruditione
764 2924 993 3008 excellentes,
1028 2923 1147 3016 lepore
1180 2925 1274 2996 inter
1293 2947 1334 2994 se

1423 2731 1483 2797 Ubi
1506 2733 1607 2836 malos
1632 2733 1725 2820 adigi
1747 2738 1841 2802 ninia
1862 2740 1965 2805 inerat
1987 2744 2127 2823 aequius.

1483 2881 1537 2956 De
1561 2911 1599 2956 re
1620 2913 1750 2982 magna
1771 2895 2006 2970 concionatur
2026 2920 2167 2983 servus,
2199 2906 2310 2966 etune

1382 2986 1481 3056 iocus
1504 3001 1556 3060 est
1575 2991 1755 3064 admixtus
1784 2997 1959 3086 comicus,
1992 3002 2039 3070 de
2064 2999 2205 3094 figendis
2228 2995 2261 3066 ad
2279 3013 2310 3082 pt

338 3045 530 3117 certantes,
551 3053 631 3100 cum
654 3042 689 3100 et
711 3023 827 3097 honos
846 3040 935 3096 esset
949 3021 1034 3096 huie
1049 3026 1191 3112 studio,
1216 3040 1251 3097 et
1272 3026 1337 3096 alii

337 3137 384 3208 ab
399 3135 478 3205 aliis
492 3147 569 3204 tum
584 3132 838 3214 excitarentur,
865 3141 943 3200 tum
958 3129 1231 3214 adiuvarentur,
1257 3151 1333 3198 non

337 3238 492 3310 insulsos
516 3237 630 3316 iocos,
657 3234 778 3328 quales
802 3253 900 3302 nune
923 3245 1007 3314 sunt
1026 3254 1228 3304 scurrarum
1245 3230 1336 3301 auli-

339 3365 480 3426 corum,
498 3339 545 3430 ,in
564 3333 702 3410 theatra
716 3335 895 3419 attulisse,
920 3334 982 3403 sed
1005 3333 1183 3426 sapienter
1198 3333 1337 3424 excogi.

339 3459 411 3518 tata
426 3455 650 3534 argumenta,
677 3452 710 3508 ct
722 3438 898 3509 'varietate
921 3437 1123 3524 doetrinae,
1149 3452 1183 3509 et
1201 3437 1337 3508 oratio-

339 3549 396 3619 nis
411 3545 583 3617 suavitate
603 3540 805 3614 dulcissime
823 3553 958 3613 ornata.

442 3647 635 3740 Postquam
664 3667 748 3714 vero
772 3655 1005 3712 monumenta
1032 3637 1165 3711 horum
1190 3639 1337 3711 interie-

1381 3089 1507 3160 rietem
1521 3084 1729 3166 hominibus
1750 3097 1934 3191 improbis.
1979 3099 2080 3174 Haec
2097 3089 2312 3174 commemoravi.

1382 3205 1424 3262 ut
1444 3193 1690 3266 adolescentes
1708 3204 1976 3274 commonefacti
1998 3207 2043 3276 de
2070 3203 2232 3288 consiliis,
2251 3214 2312 3294 qum

1382 3295 1540 3386 primum
1564 3298 1713 3392 scriptae
1736 3301 1955 3394 Tragoediae
1977 3321 2011 3377 et
2033 3295 2311 3388 Comoediae,elde

1384 3423 1505 3468 earum
1534 3401 1687 3472 utilitate
1720 3404 1889 3476 libentius
1923 3433 1980 3479 eas
2015 3425 2052 3480 et
2082 3409 2213 3504 saepius
2237 3405 2311 3490 legant

1383 3498 1557 3572 Promitte
1574 3505 1679 3573 etiam
1700 3499 1749 3574 eis
1768 3501 1835 3578 hoe
1859 3524 2089 3598 eventurum,
2116 3525 2228 3604 utque
2246 3508 2311 3592 leiint

1384 3601 1540 3694 saepius,
1564 3629 1605 3676 eo
1623 3609 1733 3697 magis
1749 3611 1985 3684 admiraturus
2001 3631 2036 3688 et
2053 3629 2238 3694 amaturos,
2257 3601 2310 3674 etl·

340 3765 444 3836 runt,
470 3747 632 3842 reliquiis
648 3747 828 3830 fruamur,
852 3737 986 3814 Plauti
1000 3757 1033 3814 et
1049 3738 1218 3813 Terentii
1231 3743 1332 3813 fabu-

340 3856 403 3938 lis,
419 3866 454 3924 et
470 3847 532 3922 has
545 3849 684 3941 saepius
698 3850 873 3938 legamus,
889 3871 970 3917 cum
987 3858 1028 3915 ut
1042 3869 1243 3918 sermonem
1251 3837 1335 3912 Ln-

339 3954 459 4028 tinum
474 3954 559 4023 inde
575 3948 800 4034 hauriamus,
826 3964 901 4020 tum
915 3973 1000 4020 vero
1015 3960 1055 4017 ut
1069 3971 1208 4018 morum
1222 3961 1257 4018 et
1270 3972 1335 4017 vn-
1460 4038 1471 4048 ἱ

341 4061 518 4130 luntatum
544 4053 852 4124 dissimilitudines
881 4051 921 4118 in
948 4049 1110 4144 personis
1133 4048 1335 4119 considere-

339 4185 431 4232 mus.
494 4155 609 4228 Aiunt
635 4147 886 4253 Antiphanem
911 4151 1096 4224 comicum
1128 4146 1334 4222 Alexandro

340 4261 572 4336 Comoediam
591 4260 814 4344 recitantem,
839 4281 919 4326 curn
944 4256 1240 4326 animadverteret
1259 4253 1334 4326 Re-

341 4368 398 4458 gi,
421 4366 459 4434 in
478 4388 549 4458 quo
567 4361 750 4432 urbanitas
767 4372 802 4428 et
816 4358 986 4448 elegantia
1001 4379 1139 4430 summa
1158 4371 1250 4444 erat,
1277 4357 1334 4425 in-

339 4469 452 4562 eptias
468 4467 604 4560 aliquas
618 4463 822 4556 displicere,
848 4462 995 4547 dixisse,
1021 4461 1065 4530 iis
1090 4461 1233 4529 demum
1257 4458 1334 4551 pla-

340 4595 419 4644 cere
433 4567 660 4652 Comoedias,
684 4567 748 4659 qui
768 4578 802 4634 et
827 4563 893 4657 ipsi
910 4575 1196 4634 commessatores
1211 4576 1334 4647 essent,

340 4688 376 4746 et
392 4700 412 4743 a
430 4671 650 4742 mulierculis
665 4668 785 4761 plagas
800 4667 975 4760 accipere,
1001 4680 1036 4737 et
1049 4665 1100 4734 eis
1116 4664 1201 4733 dare
1215 4663 1335 4755 plagas

340 4774 614 4855 consuevissent.

441 4875 575 4948 Natura
591 4873 736 4970 quidem
751 4873 801 4942 ita
815 4869 874 4956 bt,
898 4883 939 4939 ut
958 4867 1110 4938 maxime
1125 4891 1247 4938 eorum
1271 4888 1334 4938 seu

341 4981 511 5052 ludorum
534 5001 596 5048 seu
619 4977 820 5047 studiorum
842 4970 1176 5042 commemoratione
1192 4993 1335 5040 movea-

328 5107 442 5167 mur,
462 5103 551 5174 quae
574 5078 805 5150 exercuimus.
857 5072 929 5144 Sed
952 5074 992 5142 in
1013 5073 1146 5143 fabulis
1163 5095 1237 5141 non
1256 5084 1335 5141 tan-

341 5199 418 5258 tum
431 5183 501 5256 ioci
516 5195 600 5254 sunt
615 5178 790 5252 amatorii.
837 5169 921 5246 Alia
935 5175 1046 5246 multa
1063 5188 1146 5245 sunt
1161 5175 1265 5266 plena
1279 5199 1334 5244 sa-

339 5287 504 5382 pientiae.
556 5284 705 5353 Viderat
719 5272 938 5350 Alexander
952 5279 992 5347 in
1008 5277 1088 5348 aula
1106 5278 1238 5347 mullos
1256 5271 1336 5346 De-

340 5414 461 5469 meas,
481 5379 748 5468 Phormiones,
776 5375 1008 5452 Gnathones.
1057 5379 1205 5450 Viderat
1220 5379 1259 5448 in
1277 5403 1336 5450 ex-

339 5493 452 5564 ercitu
480 5491 612 5560 multos
646 5480 874 5557 Thrasones.
942 5481 1119 5556 Usitatum
1148 5497 1199 5554 est
1219 5497 1336 5554 autern

1383 3719 1501 3774 cturos
1519 3732 1575 3777 eas
1591 3709 1741 3784 avidius.
1794 3711 1891 3784 Bene
1907 3717 1994 3793 vale.
2048 3713 2192 3788 Calend.
2207 3701 2312 3782 tenuari

1387 3805 1496 3881 1545.
1546 3902 1549 3908 ¹

1382 4203 1449 4278 No.
1463 4204 1575 4278 3109.

1389 4301 1561 4330 Μ

2108 4229 2140 4290 8.
2155 4219 2213 4282 lan.
2236 4199 2310 4294 (lt-ti

1731 4411 1792 4493 M.
1825 4409 2032 4505 Crudelio.

1486 4568 1570 4642 Epist.
1589 4569 1637 4624 tib.
1658 4569 1691 4625 V.
1710 4591 1737 4644 p.
1757 4573 1809 4628 575
1826 4593 1866 4648 aq.

1383 4723 1549 4798 Marco
1575 4693 1796 4803 Crudelio
1824 4735 1848 4827 (
1847 4732 2081 4829 gubernanti
2100 4669 2250 4808 scholam
2261 4715 2317 4792 Til·

1794 4839 1968 4930 gensem)

1382 4943 1429 5036 S·
1453 4960 1497 5040 D.
1549 4961 1764 5040 Charissime
1786 4967 1920 5044 Marce.
1974 4950 2318 5046 commendatitiis

1384 5067 1474 5137 duos
1508 5070 1749 5141 adolescentes
1780 5074 1934 5146 duorum
1968 5079 2180 5169 optimorum
2210 5069 2318 5160 strong

1384 5170 1493 5257 filios,
1527 5169 1684 5243 Pastoris
1706 5167 1931 5263 Bornensis,
1962 5194 1995 5251 et
2020 5139 2318 5262 concionatoris&

1384 5269 1532 5359 limeis,
1556 5267 1747 5344 Iohannis
1768 5273 1808 5348 V
1807 5277 1877 5364 ait,
1903 5281 2077 5366 arbitror,
2102 5289 2265 5363 utrumque
2278 5255 2318 5326 tila

1385 5392 1511 5448 notum
1534 5401 1618 5448 esse.
1676 5375 1870 5450 Beruensis
1900 5385 2004 5454 etiam
2028 5386 2121 5454 valet
2146 5371 2278 5466 ingenio.
2298 5363 2316 5420 ‘¹
2341 5369 2342 5418 l

1386 5479 1586 5552 eruditione
1601 5481 1777 5573 praeclare
1795 5483 1987 5558 instructus
2007 5500 2069 5560 est.
2120 5481 2281 5554 Mittuntur
2291 5452 2316 5524 ³1¹
