4796 6258
2322 151 2324 208 l

208 379 210 382 Ι
283 275 401 384 tot,
482 321 484 330 ι
864 263 1304 348 EPISTULARUM
1353 247 1458 344 uttt
1498 265 1563 344 IX.
1616 260 1749 338 1644.
2091 334 2096 350 ¹
2217 261 2270 336 ttt

284 473 341 520 me
357 447 598 520 consolatione
613 459 771 518 sustento
790 445 830 515 in
852 445 975 518 multis
990 440 1128 536 magnis
1144 440 1281 514 dolori·
1331 436 1399 510 etsi
1420 434 1577 508 retineor
1596 436 1749 527 negotiis
1777 447 1919 505 nostrae
1939 431 2161 524 reipublicae,
2188 445 2275 504 tanen
2326 429 2327 490 l

285 551 374 634 bus,
400 563 435 620 et
450 544 593 621 Christo
616 549 826 620 commendo
840 543 1056 629 Ecclesiam,
1084 546 1225 638 politiae
1249 558 1283 616 et
1332 553 1368 609 et
1389 534 1476 609 haec
1497 560 1600 608 causa
1621 551 1692 621 est,
1716 539 1813 630 quod
1839 534 1924 606 nolo
1954 558 2029 606 eam
2050 535 2115 604 tihi
2136 535 2277 606 dubitanti

286 673 405 724 meum
423 651 591 720 miserum
606 673 766 741 gregem,
792 650 866 719 imo
883 662 966 722 ette
981 663 1121 735 ettuos,
1145 660 1181 720 et
1198 642 1285 716 haec
1333 641 1543 724 obtrudere,
1568 640 1629 709 sed
1643 638 1711 709 tibi
1726 637 1950 708 liberrimum
1974 635 2138 707 iudicium
2152 637 2190 704 dc
2209 659 2279 704 sun-

288 768 410 825 nostra
431 753 559 826 studia.
616 750 716 823 Bene
737 752 826 823 vale.
884 749 997 822 Nobis
1018 774 1160 844 quoque
1182 771 1285 818 man·
1335 767 1392 814 ma
1414 741 1548 830 negotii
1569 740 1746 834 relinquo.
1802 734 1882 808 Etsi
1904 760 2049 809 moveor
2072 737 2172 820 fama,
2193 750 2280 806 tamen
2330 782 2331 843 ¹

291 856 412 926 datum
436 868 505 938 est,
544 867 584 924 ut
610 855 730 924 nescio
754 852 843 946 quid
868 853 912 922 de
937 849 1088 923 Exuviis
1108 850 1285 946 Lycaonis
1336 843 1448 934 magis
1470 865 1617 912 moveor
1642 842 1753 912 salute
1769 839 1909 910 animae
1924 863 2022 908 meae
2035 837 2141 924 hliae,
2163 837 2213 908 cui
2229 861 2282 906 nun
2330 845 2331 848 ’

290 957 522 1052 disputemus.
1337 945 1495 1038 expedit,
1528 944 1646 1014 vivere
1679 943 1719 1012 in
1747 941 1927 1034 perpetuis
1947 939 2141 1014 discordiis.
2191 937 2284 1032 ltaque

855 1047 1046 1146 Philippus
1062 1045 1238 1126 Melanth.
1337 1071 1401 1116 vos
1425 1047 1475 1118 ita
1495 1068 1568 1117 una
1589 1068 1663 1114 esse
1676 1044 1784 1114 velim
1800 1043 1830 1112 si
1845 1042 1891 1114 sit
1904 1065 1989 1113 vera
2007 1041 2247 1123 benevolentia,
2262 1053 2285 1112 et

1336 1161 1378 1221 ut
1395 1147 1460 1230 sit,
1480 1146 1585 1218 faciat
1598 1148 1696 1218 deus.
1739 1143 1838 1216 Bene
1850 1144 1939 1220 vate.
1963 1143 2023 1214 die
2039 1140 2075 1219 4.
2089 1136 2177 1214 lunii
2191 1137 2276 1214 1544.

294 1449 493 1577 Q&
1141 1451 1255 1528 etun.

1105 1547 1278 1578 ww
1336 1535 1533 1614 noeros.
2179 1535 2270 1607 ⁷·¹¹¹¹¹·

660 1663 710 1756 G·
736 1663 917 1756 Sabim·
1613 1721 1760 1804 leuch.
1793 1715 2055 1813 camerario.
2341 1754 2342 1828 l

1337 1633 1549 1693 W
2142 1629 2280 1661 Μ

363 1830 387 1903 †
403 1827 822 1914 EnaptqgrrphoMelruthonis
836 1829 865 1884 in
879 1822 1288 1913 eod.Monec.no.8?d.p.16.
1450 1891 1457 1910 .
2059 1897 2066 1912 ι
2342 1842 2343 1920 ¹

398 1900 609 1970 inscriptionem
621 1894 728 1982 nnllam
742 1897 824 1980 hebet
843 1895 1048 1981 autographon,
1068 1900 1116 1954 sed
1129 1899 1181 1954 elta
1194 1919 1288 1964 manu,
1406 1891 1492 1966 Epnl.
1504 1894 1538 1950 ad
1553 1894 1690 1952 Gamerae.
1705 1913 1734 1968 p.
1746 1893 1798 1949 467
1810 1913 1852 1968 sq.
1872 1893 1927 1964 (etl.
1941 1893 2032 1952 Lond.
2046 1894 2095 1954 hb.
2107 1893 2154 1953 lV.
2168 1911 2205 1965 ep.
2216 1889 2277 1960 tttt.
2343 1932 2344 2006 ¹

393 1969 509 2024 iorlerse
519 1965 684 2036 (demererer,
700 1965 867 2038 adscriptum
882 1977 936 2021 esta
959 1965 1077 2022 Sabino.
1112 1967 1192 2023 Caret
1207 1979 1288 2024 euto-

324 2131 329 2144 .
396 2032 848 2178 ffiipissinpihntdidiirp'hiddi}
865 2034 1289 2164 “hbuiii,¹,',¹{g¹,¹ff⁰fi,j¹⁸‡gssio
1339 2037 1565 2126 Clarissimo
1587 2051 1664 2124 viro
1688 2047 1891 2124 eruditione
1914 2060 1947 2123 et
1971 2053 2101 2124 virtute
2119 2044 2292 2150 praestanti
2343 2020 2346 2190 ι

398 2171 549 2238 scamnis,
565 2169 870 2246 sdtaetumeptnotaes
906 2173 1017 2232 &mee
1032 2173 1059 2233 d.
1074 2175 1100 2232 7.
1116 2173 1194 2231 tunt.
1339 2149 1370 2224 Ι
1374 2148 1586 2226 oachimo
1611 2148 1882 2227 Camerario
1903 2149 2147 2252 Pubergensi,
2176 2147 2294 2224 Βιειοιί
2346 2196 2347 2251 ¹

563 2321 794 2427 (Georgia
812 2326 874 2402 Sa
886 2328 1020 2431 bino)
1425 2251 1646 2328 Academiae
1669 2251 1862 2355 hipsicae,
1887 2259 2094 2329 amicosne
2113 2253 2231 2330 carisa.
2347 2284 2348 2323 t

297 2439 339 2532 S·
363 2459 409 2536 D.
458 2455 538 2533 Etsi
550 2485 674 2534 rursus
692 2463 732 2532 in
745 2464 917 2556 proximis
931 2465 1003 2537 tuis
1018 2463 1129 2536 literis
1143 2487 1209 2538 nos
1230 2489 1290 2538 ac-

296 2586 414 2650 cusas,
436 2577 554 2634 tamen
568 2565 666 2636 hono
682 2565 831 2637 consilio
849 2580 884 2637 et
896 2567 1056 2662 querelas
1072 2580 1108 2638 et
1122 2557 1288 2660 expostu-

295 2666 465 2738 lationem
496 2667 671 2742 omittam.
727 2665 971 2740 Liberrimum
1001 2669 1065 2740 tihi
1098 2692 1171 2739 esse
1204 2669 1287 2739 volo

297 2781 449 2838 statuere
469 2769 515 2838 de
535 2769 610 2838 lilia
632 2789 710 2837 mea
727 2770 783 2837 vcl
804 2769 990 2841 retinenda
1009 2770 1067 2840 vel
1078 2769 1288 2842 abiicienda.

295 2867 453 2940 Honesta
469 2870 629 2940 conditio
645 2879 707 2955 est,
734 2871 830 2964 quod
846 2871 1021 2964 pustulas,
1045 2894 1091 2942 ne
1109 2873 1194 2966 quid
1211 2896 1287 2944 sce-

294 2972 404 3042 lerate
423 2970 538 3044 iaciat.
588 2967 638 3042 Et
658 2971 733 3064 ipsa
751 2973 934 3060 adfirmat,
960 2995 996 3046 se
1016 2969 1110 3044 nihil
1128 2997 1287 3068 unquam

294 3073 466 3143 iacturam
480 3084 602 3144 contra
616 3066 783 3145 honestas
799 3073 909 3165 leges,
935 3089 968 3148 et
984 3097 1047 3168 ego
1066 3076 1111 3146 de
1131 3075 1207 3146 eius
1230 3077 1288 3145 in-

295 3175 399 3266 genio
423 3176 515 3244 bene
538 3175 665 3248 sentio.
713 3169 774 3248 Tu
795 3177 825 3246 si
847 3177 950 3249 aliter
965 3181 1093 3259 sentis,
1118 3190 1159 3248 ut
1173 3203 1289 3271 nuper

1338 2367 1382 2462 S.
1408 2389 1454 2466 D.
1504 2391 1642 2467 Eodem
1666 2395 1724 2466 die
1744 2419 1815 2490 quo
1838 2389 1925 2465 hinc
1942 2395 2150 2480 discessisti,
2173 2391 2293 2463 nuncius

1339 2513 1428 2564 ame
1443 2499 1656 2582 conductus,
1683 2510 1723 2567 ut
1745 2499 1789 2566 ad
1804 2492 1988 2566 Sabinum
2013 2497 2082 2568 iret
2101 2495 2294 2567 Brandcbur·
2349 2495 2351 2588 ¹

1338 2619 1441 2687 gum,
1466 2599 1534 2670 iter
1555 2599 1733 2688 ingressus
1747 2611 1816 2668 est:
1848 2594 2064 2691 Exemplum
2085 2621 2233 2682 mearum
2252 2595 2294 2662 lit·
2351 2638 2352 2676 ¹

1337 2713 1493 2770 terarum
1515 2701 1583 2772 tibi
1603 2699 1724 2784 mitto,
1750 2713 1791 2770 ut
1813 2699 1930 2770 videas
1954 2724 2010 2770 me
2030 2695 2126 2772 nihil
2151 2697 2294 2790 scripsisse
2352 2725 2353 2742 ι

1338 2799 1514 2892 asperius,
1546 2825 1627 2872 curn
1648 2801 1792 2896 quidem
1817 2801 1878 2872 ille
1900 2802 2093 2876 durissime
2111 2806 2155 2874 ad
2169 2797 2295 2870 meseri-

1338 2902 1474 2995 psisset.
1523 2901 1620 2974 Haec
1641 2927 1722 2974 cum
1743 2903 1978 2996 scripsissem,
2001 2906 2142 2976 reddita
2162 2917 2208 2974 est
2230 2893 2295 2970 mihi

1338 3003 1504 3096 epistola,
1536 3029 1605 3099 qua
1630 3006 1820 3097 respondet
1842 3001 2030 3090 Sabinus,
2062 3022 2096 3078 et
2117 3027 2250 3078 uxorem
2273 3013 2296 3068 tt
2356 3079 2357 3101 ¹

1339 3129 1461 3176 omnes
1485 3107 1575 3176 filias
1597 3105 1680 3176 duci
1704 3106 1803 3177 iubet
1816 3108 1861 3176 ad
1876 3101 2035 3182 Beltzit.
2090 3107 2208 3204 ltaque
2225 3103 2297 3198 qoud

1337 3208 1492 3278 faustum
1522 3222 1556 3278 et
1575 3209 1660 3278 felir
1680 3209 1744 3288 sit,
1775 3209 1833 3278 die
1857 3207 1980 3278 Lunae
2004 3211 2186 3303 proximo,
2209 3207 2297 3278 addu-

1337 3333 1412 3380 cam
1426 3309 1501 3400 ipse
1515 3311 1560 3380 ad
1578 3333 1659 3382 eum
1674 3332 1789 3379 meam
1803 3309 1924 3390 filiam,
1937 3323 1973 3382 et
1988 3312 2103 3402 ipsius
2115 3316 2208 3385 duas.
2230 3307 2297 3378 Nau

1337 3411 1476 3480 tertiam
1491 3435 1568 3482 mea
1584 3413 1740 3482 coniunx
1761 3434 1986 3504 nequaquam
2002 3438 2022 3484 a
2038 3437 2078 3484 se
2091 3407 2241 3486 abstrahi
2253 3431 2298 3500 pa-

1337 3512 1436 3585 titur.
1460 3508 1511 3581 Et
1526 3515 1671 3584 moleste
1688 3513 1764 3582 iero
1773 3506 1958 3582 Sabinum
1965 3517 2009 3584 de
2023 3537 2064 3586 ea
2080 3517 2224 3606 litigare.
2245 3507 2298 3582 set

1338 3609 1423 3682 haec
1437 3613 1589 3684 scribam
1618 3614 1795 3706 copiosius
1817 3627 1896 3707 post
1914 3639 2141 3707 congressum
2155 3629 2299 3687 nostrum·

295 3275 487 3368 scripsisti,
519 3277 627 3348 etiam
659 3289 763 3371 atque
786 3278 892 3350 etiam
917 3292 952 3351 ιε
974 3306 1038 3352 oro
1061 3303 1101 3350 ac
1119 3281 1287 3365 obtestor,

294 3392 337 3449 ut
355 3371 447 3448 mihi
468 3401 545 3448 earn
568 3378 760 3472 relinquas.
811 3377 919 3452 Nulla
944 3395 995 3452 est
1015 3383 1111 3453 enim
1126 3384 1289 3454 reconci-

294 3479 412 3566 liatio,
426 3479 457 3548 si
473 3481 660 3551 denatura
675 3495 709 3552 et
724 3497 895 3575 perpetua
908 3485 983 3554 eius
999 3486 1183 3556 voluntate
1197 3485 1287 3554 male

297 3582 437 3652 sentias.
476 3578 769 3654 Benevolentiam
783 3585 880 3654 enim
896 3609 937 3655 ex
951 3586 1085 3657 iudicio
1100 3586 1287 3658 denatura

296 3683 615 3754 01'51'511000500’2·
1337 3709 1434 3784 Mihi
1458 3709 1545 3785 haec
1565 3715 1727 3805 migratio
1749 3715 1841 3790 filiae
1862 3717 2043 3808 ingentem
2064 3718 2300 3790 solicitudinem

359 3886 369 3905 Ι
398 3778 513 3854 Addis
525 3797 643 3856 autem
660 3798 695 3858 et
710 3787 856 3858 alteram
870 3787 1131 3908 conditionem,
1154 3799 1195 3858 ut
1210 3811 1288 3857 mo·
1337 3829 1372 3888 ep
1387 3815 1546 3886 dolorem
1561 3818 1674 3891 affert·
1711 3816 1782 3890 Sed
1797 3816 1913 3889 Deum
1930 3844 2013 3906 om,
2039 3833 2081 3892 υ.
2095 3819 2251 3914 respici„
2262 3815 2301 3884 1¹¹,

298 3899 478 3958 rosrtatem
501 3887 668 3978 deponat.
717 3886 772 3959 De
796 3884 862 3960 hac
884 3892 1089 3963 condrtrone
1110 3913 1184 3959 non
1206 3913 1288 3982 pos-
1336 3943 1473 4014 etym„
1510 3933 1660 3994 nomas·
1725 3917 1872 3992 [pinam
1901 3920 2041 3992 videres
2076 3925 2196 4017 quales
2224 3911 2301 3990 gomi

298 4011 372 4060 sem
394 3984 575 4081 polliceri,
606 3988 744 4062 etiamsi
771 4005 907 4062 vestrae
939 4006 1087 4063 naturae
1114 4013 1288 4081 congrue·
1335 4045 1433 4092 meae
1457 4044 1573 4092 mores
1595 4020 1687 4090 filiae
1710 4044 1848 4114 semper
1869 4023 2022 4110 fuerint,
2049 4023 2237 4096 Taciturna
2255 4029 2302 4096 esi

297 4103 389 4164 rent.
438 4085 544 4160 Nunc
566 4090 785 4187 cumulique
807 4094 853 4164 sit
875 4093 1146 4215 dissimilitudo,
1167 4093 1287 4213 ,ebuli
1335 4138 1555 4216 temperans,
1581 4123 1750 4214 frugalis,
1772 4137 1806 4196 et
1835 4124 1990 4196 minime'
2003 4126 2170 4214 rixatrix,
2193 4139 2225 4196 ct
2244 4141 2302 4191 non

298 4207 360 4264 tua
377 4193 596 4262 consuetudo
612 4193 755 4264 ferenda
775 4209 848 4280 est,
874 4209 908 4267 et
922 4197 991 4268 trbr
1007 4197 1124 4278 rlhus,
1148 4218 1177 4266 sr
1192 4190 1287 4266 nrhrl
1334 4227 1453 4297 stulu,

297 4293 344 4364 sit
354 4291 492 4383 flagitii.
525 4287 602 4384 Ego
620 4293 730 4385 igitur
744 4298 788 4365 ad
804 4297 1005 4388 ambiguam
1020 4296 1286 4391 responsionem

295 4409 393 4468 tuam
407 4390 476 4466 hoe
488 4395 594 4487 plane
606 4399 814 4488 respondeo,
831 4423 888 4470 me
900 4401 1055 4493 primum
1072 4401 1286 4470 oraredeum

1436 4353 1624 4431 Orationis
1646 4341 1743 4457 ’περὶ
1769 4353 1882 4460 ἁγίου
1908 4352 2122 4454 πνεύματος
2151 4360 2303 4452 reliquam

171 4509 174 4522 '
298 4514 480 4571 aeternum
504 4511 640 4589 patrem
662 4499 802 4568 domini
823 4503 937 4573 nostri
961 4499 1040 4572 lesu
1058 4497 1213 4586 Christi,
1246 4513 1287 4571 ut
1334 4474 1468 4552 partem
1485 4463 1585 4532 νοω*
1601 4464 1722 4548 ''liiii‘’
1747 4463 1791 4532 de
1804 4485 1873 4555 ‘lua
1890 4477 2005 4533 V⁸⁸¹f⁰
2028 4463 2178 4536 ²¹‘h5ffl0
2193 4473 2304 4531 Silili·

1334 4564 1390 4637 tis.
1441 4563 1518 4635 Scis
1532 4559 1618 4634 haec
1633 4557 1912 4663 θεολογούμενα
1927 4589 2001 4634 non
2019 4577 2090 4634 tam
2107 4559 2304 4657 populariter

1333 4681 1395 4737 ant
1412 4666 1525 4736 nitide
1547 4666 1617 4734 dici
1638 4689 1760 4758 posse,
1791 4679 1832 4736 ut
1854 4661 2040 4752 πολιτικὰ,
2070 4673 2137 4737 ειεί
2158 4689 2219 4760 ego
2238 4656 2304 4754 qni·

1333 4771 1413 4838 dem
1429 4763 1665 4866 λεπτολογίας
1679 4768 1764 4852 vito,
1785 4781 1818 4838 et
1836 4791 1875 4838 ea
1890 4791 2040 4862 quaero,
2062 4792 2154 4863 quae
2170 4769 2206 4837 in
2222 4783 2305 4836 cum·

1332 4869 1501 4941 munibus
1516 4870 1609 4942 vitae
1626 4869 1799 4941 exercitiis
1814 4893 1918 4940 usum
1934 4865 2077 4944 hahent.

297 4601 470 4690 gubernet
485 4594 592 4670 huius
607 4600 739 4690 negotii
754 4602 910 4686 exitum,
929 4603 977 4674 ita
1000 4617 1040 4674 nt
1063 4603 1109 4674 sit
1123 4603 1286 4674 salutaris

297 4715 333 4773 et
346 4701 448 4772 robis
461 4716 496 4773 et
510 4697 619 4788 mihi,
635 4714 670 4771 et
683 4696 748 4774 hac
763 4727 824 4796 spe
841 4698 933 4773 nihil
948 4701 1118 4776 hactenus
1134 4705 1199 4774 feci
1217 4707 1285 4774 du-

298 4805 373 4874 rius
387 4817 450 4874 aut
461 4799 715 4876 vehementius.
766 4802 905 4876 Deinde
928 4819 962 4878 te
979 4828 1060 4888 oro,
1084 4820 1125 4878 ut
1141 4807 1283 4879 tandem

297 4905 433 4996 integre
452 4917 600 4992 statuas,
632 4906 719 5002 quid
742 4909 809 4978 scis
828 4909 1002 4994 facturus,
1025 4921 1078 4993 et,
1109 4909 1139 4978 si
1164 4909 1283 4978 vivere

295 5031 371 5079 eam
406 5021 521 5078 tecum
545 5010 658 5094 voles,
695 5009 815 5080 venias
843 5004 934 5094 huc,
966 5025 999 5082 et
1025 5023 1184 5083 amanter
1206 5033 1282 5081 eam
1434 5002 1542 5076 Mitto
1568 5027 1691 5078 aureos
1709 5002 1854 5094 triginta
1871 5001 2038 5090 Senatui,
2064 4999 2304 5108 tantosvulnej

293 5105 519 5195 transvehas,
562 5112 846 5206 qrrandocunque
887 5111 955 5181 tihi
990 5112 1139 5184 videtur.
1205 5109 1283 5202 Ego
1330 5107 1503 5194 ratocivi,
1522 5121 1563 5178 ut
1579 5105 1783 5178 meministi.
1835 5103 1976 5194 Quaeso
1992 5118 2032 5176 ut
2047 5129 2148 5177 cures
2163 5097 2303 5174 exhibea

294 5212 438 5306 quidem
454 5212 576 5280 malim
598 5237 673 5284 eam
690 5217 783 5306 apud
809 5238 865 5283 rne
882 5237 1022 5306 parere,
1049 5229 1083 5284 et
1101 5229 1220 5307 postea
1238 5218 1282 5283 ad
1330 5225 1363 5283 et
1381 5211 1513 5281 litteras
1528 5225 1665 5280 nostras
1681 5223 1715 5280 et
1730 5207 1914 5300 pecuniam
1930 5205 2090 5281 Senatui.
2124 5205 2215 5276 Volo
2231 5221 2304 5270 con·

295 5329 330 5384 te
347 5308 574 5384 transvehere
590 5315 664 5406 ipse
679 5316 736 5385 rel
752 5317 789 5386 in
809 5315 1007 5404 Prusiam
1033 5318 1093 5387 sed
1111 5311 1203 5385 nihil
1217 5309 1282 5384 hac
1329 5313 1435 5403 spici,
1460 5335 1611 5380 nosnon
1629 5301 1894 5406 εἰρωνεύεσθαι
1911 5309 1951 5378 in
1966 5307 2086 5381 Curia.
2138 5307 2205 5380 Sed
2221 5297 2303 5396 quoi

295 5417 340 5484 de
362 5439 400 5484 re
420 5417 485 5488 tihi
506 5417 718 5510 praescribo.
777 5415 884 5509 Quod
914 5417 989 5511 ipse
1020 5442 1094 5490 non
1118 5419 1282 5503 adducas,
1330 5415 1464 5508 egimus
1481 5411 1572 5482 serio
1587 5426 1705 5486 actum
1721 5435 1806 5482 esse.
