4842 6256
76 356 157 436 268

78 533 259 625 vibusque
275 527 383 599 etiam
396 527 490 600 tristi
503 539 662 622 tempore
674 529 793 600 locum
815 551 890 601 esse
904 529 995 616 scio,
1020 542 1074 601 ta-

78 658 163 708 men
184 655 263 704 non
287 631 364 700 sina
385 631 518 720 gemitu
542 644 718 724 utranque
743 632 911 722 epistolae
938 644 1072 723 partem

76 737 161 828 legi.
214 731 307 824 Quis
331 733 428 802 enim
446 756 522 804 non
544 733 662 804 dolcat
683 755 839 804 summos
858 728 1074 803 Monarchas

34 893 42 898 -
78 835 280 910 Christiani
293 833 450 904 nominis
466 834 561 907 inter
576 857 612 904 se
626 835 675 905 ita
693 834 837 920 ludere,
862 859 944 904 cum
961 832 1074 904 Turci

81 939 167 1012 alibi
182 939 376 1006 immanem
391 935 564 1020 sevitiam,
586 958 676 1026 pene
689 935 730 1004 in
745 949 936 1026 conspectu
951 947 1072 1004 nostro

83 1050 274 1112 exerceant.
325 1032 370 1104 ln
384 1029 486 1105 Alba
512 1033 635 1130 regia,
660 1048 739 1130 post
765 1037 981 1107 deditionem
1004 1036 1074 1106 tria

85 1141 200 1212 millia
211 1136 401 1209 hominum
409 1137 583 1208 trucidata
598 1151 693 1220 sunt,
706 1150 741 1208 et
755 1139 966 1208 cadaverum
977 1160 1075 1206 acer-

89 1268 155 1314 vus
180 1240 280 1310 altior
301 1237 372 1308 fuit
391 1239 578 1308 moenibus
598 1240 710 1312 urbis.
760 1235 809 1308 Et
822 1262 920 1308 nunc
943 1238 1073 1329 passim

87 1347 127 1416 iu
156 1339 304 1432 receptis
332 1339 472 1432 oppidis
498 1335 639 1410 honesti
663 1336 830 1409 homines
854 1339 1073 1430 iugulantur.

80 1443 220 1516 Recens
236 1440 334 1511 enim
350 1439 468 1534 accepi
482 1440 628 1514 litteras.
667 1437 780 1534 Video
796 1453 913 1511 autem
928 1441 1075 1532 patriae,

79 1539 342 1624 Ecclesiam,
380 1536 546 1627 Artium,
579 1539 799 1634 Disciplinae
832 1543 1076 1611 defensionem

79 1669 155 1718 non
169 1645 282 1715 modo
295 1642 368 1712 illis
381 1641 549 1713 fatalibus
565 1639 706 1732 Regum
719 1657 922 1714 nostrorum
941 1643 1075 1713 tumul-

78 1749 193 1832 tibus,
229 1744 420 1814 sedetiam
444 1766 584 1814 caussae
599 1742 799 1837 Lycaoniae
822 1743 1076 1836 disputationi-

79 1850 146 1921 bus
159 1845 350 1936 impediri,
369 1845 408 1913 in
425 1867 515 1937 quae
529 1867 610 1914 vere
632 1838 716 1938 περὶ
732 1840 823 1916 ὄνου
839 1848 945 1925 σκιᾶς
955 1844 1075 1934 litiga-

80 1963 151 2023 tur.
202 1945 279 2018 Nec
300 1945 420 2014 minus
439 1967 626 2015 succenseo
649 1940 724 2030 his,
750 1946 814 2038 qui
835 1945 875 2015 in
891 1943 1000 2016 Curia
1017 1969 1075 2014 so-

78 2047 271 2144 phisticam
285 2059 458 2132 exercent,
473 2070 581 2139 quam
595 2046 667 2114 illis
685 2046 816 2138 ineptis
830 2047 1075 2132 bellatoribus,

80 2152 145 2248 qni
167 2164 241 2222 tam
258 2147 380 2218 futiles
400 2147 576 2221 tumultus
597 2160 753 2220 movent.
812 2142 890 2217 Odi
910 2161 1075 2237 argutum

80 2255 196 2326 civem
225 2249 304 2320 sine
342 2248 474 2320 virtute
514 2262 687 2340 tanquam
722 2247 924 2339 praeficam,
957 2249 1077 2343 inquit

79 2351 241 2428 Plautus.
291 2347 336 2418 In
351 2349 573 2441 epistolatus
589 2349 693 2439 plane
711 2349 899 2435 divinasti,
912 2351 993 2420 talis
1008 2351 1076 2420 erit

80 2453 275 2547 disputatio
293 2453 338 2521 de
362 2473 481 2521 caussa
495 2447 713 2542 Lycaonica,
734 2451 875 2543 qualem
896 2451 1076 2521 describis.

79 2555 152 2630 Sed
165 2552 382 2636 viderimus,
406 2575 453 2620 ne
467 2548 534 2620 hae
550 2573 702 2640 nugaces
718 2551 815 2620 rixae
829 2574 999 2640 magnum
1014 2553 1073 2622 in·

81 2656 247 2732 cendinm
262 2653 425 2726 excitent.
475 2650 611 2722 Verum
629 2646 717 2722 haec
731 2652 803 2721 iam
817 2653 955 2726 omitto.

182 2826 347 2902 Omnino
363 2829 503 2899 decrevi
515 2828 555 2900 in
568 2829 743 2900 nundinis
759 2829 805 2898 ad
816 2852 880 2899 vos
894 2831 1075 2922 expatiari.

89 2935 129 3008 Si
146 2957 228 3004 vero
249 2945 354 3004 antea
375 2932 569 3018 evocahor,
602 2943 722 3002 tamen
743 2931 811 3002 iter
831 2951 898 3023 per
917 2930 1074 3023 Lipsiam

87 3035 220 3108 faciam.

129 3225 135 3242 '
179 3215 328 3294 Sabino
342 3217 524 3311 pollicitus
549 3241 647 3304 sum,
672 3232 707 3288 te
728 3219 772 3287 ad
788 3217 925 3290 Ducem
941 3214 1075 3289 Alba·-

80 3335 158 3398 lam
174 3325 221 3396 de
237 3324 313 3415 ipso
329 3320 545 3411 scripturum
567 3343 651 3392 esse.
703 3317 822 3389 Velim
842 3335 961 3392 antem
979 3321 1076 3392 litte-

75 3453 135 3500 ras
159 3426 299 3496 easdem
320 3422 460 3513 gemino
484 3421 642 3512 exemplo
667 3421 792 3506 scribi,
818 3447 970 3517 quornm
987 3422 1073 3491 alte-

75 3552 166 3600 rum
183 3525 303 3594 demus
318 3523 451 3595 nostris
468 3521 683 3606 tabellariis,
707 3522 860 3593 alterum
875 3523 945 3614 ipsi
960 3518 1076 3594 Sabi-

76 3652 150 3716 no,
168 3623 321 3696 decrevit
337 3619 432 3694 enim
449 3623 624 3717 proficisci
638 3623 678 3691 in
690 3618 927 3720 Prussiam*).
980 3621 1075 3716 Opi-

75 3753 148 3802 nor
168 3726 452 3799 commodissime
482 3717 605 3794 ambos
627 3746 694 3793 nos
722 3723 801 3795 istic
827 3725 867 3794 in
900 3726 1074 3796 nundinis

77 3833 274 3924 scripturos
288 3851 372 3896 esse.
422 3823 514 3894 Nam
535 3849 617 3896 cnm
635 3823 768 3900 erimus
791 3827 976 3912 collocuti,
997 3851 1075 3897 ma-

77 3934 131 4028 gis
147 3942 347 4019 congruent
361 3926 517 3999 litterae:
560 3921 640 3995 Etsi
663 3949 778 4006 meam
795 3928 1074 3999 commendatio·

75 4059 161 4108 nem
176 4028 469 4100 verecundiorem
486 4039 548 4096 tua
564 4047 636 4094 esse
651 4026 798 4100 decebit.
851 4024 1074 4120 Xenophon-

75 4153 150 4212 tem
164 4147 270 4204 tunm
285 4129 376 4220 legi,
400 4152 441 4200 ac
456 4128 662 4198 laudatione
677 4149 889 4220 magnopere
907 4129 1074 4204 delector.

74 4235 228 4310 Mallem
247 4242 363 4304 autern
381 4244 415 4300 te
428 4223 476 4300 cd
491 4221 661 4322 ἑλληνικά
680 4241 834 4315 vertere,
859 4254 966 4323 quam
987 4225 1074 4301 haec

72 4340 230 4411 minuta.
262 4331 355 4403 Nam
368 4323 617 4400 Pircamerica
632 4328 750 4423 qualia
767 4328 855 4413 sint,
879 4355 954 4402 non
970 4331 1073 4422 igno-

72 4463 148 4515 ras.
199 4431 249 4506 Et
264 4456 346 4503 vere
360 4432 465 4517 dicis,
489 4431 626 4502 nnllam
642 4453 715 4500 esse
729 4426 915 4502 historiam
931 4433 1073 4504 suavius

73 4542 260 4631 scriptam.
302 4528 400 4604 Mihi
411 4555 495 4604 vero
517 4533 624 4602 etiam
638 4555 758 4603 rerum
773 4533 981 4623 magnitudo
996 4533 1074 4604 val-

73 4647 120 4716 de
138 4641 247 4730 digna
263 4633 463 4724 cognitione
477 4633 632 4709 videtur.
685 4633 784 4704 Bene
798 4634 895 4721 vale,
920 4635 978 4704 die
994 4648 1075 4728 ⁸ter-

74 4749 129 4817 tio
143 4754 227 4836 post
240 4739 404 4810 brumam
413 4729 487 4834 ¹¹⁴⁵).

676 4861 775 4942 Phil.
798 4863 974 4939 Melanth.

72 5023 305 5048 ...u——

111 5135 144 5204 ²)
163 5133 229 5189 vit.
241 5131 313 5186 hane
327 5125 405 5199 epist.
422 5123 488 5182 (1.1.
500 5119 647 5180 11111614.

111 5219 257 5365 *aazia
270 5232 344 5272 enno
363 5209 456 5284 1511,
479 5221 510 5267 ut
531 5211 622 5270 risum
640 5217 681 5266 est
699 5209 815 5280 editori,
844 5211 892 5269 sed
913 5230 979 5268 eon·
1001 5211 1075 5270 ists.

662 348 1101 454 nrrsromauu
1149 355 1255 438 mn.
1294 357 1360 438 rx.
1412 349 1544 434 asts.

2043 353 2122 432 264

1980 529 2121 600 raon.

1984 625 2120 656 Μ

1127 527 1194 606 Νο.
1209 528 1324 606 2817.

1134 626 1306 660 w

1518 693 1558 781 I.
1585 693 1734 781 Ionae.

1195 881 1215 950 †
1228 876 1267 932 Ex
1284 874 1439 957 apographo
1458 873 1486 926 in
1502 871 1569 928 cod.
1583 871 1695 955 Monac.
1707 873 1752 928 90.
1772 873 1825 928 No.
1840 873 1947 956 Vltup.
1962 871 2022 955 61..
2041 871 2120 941 Apo-

1226 944 1348 1070 §iapgon
1362 955 1443 997 ettam
1456 942 1572 1068 hflbptpr
1592 959 1622 995 tn
1635 943 1697 998 cod.
1710 942 1768 1008 54„
1785 943 1832 1015 qui
1848 953 1888 997 est
1906 962 1933 995 m
1955 938 2120 996 bibliotheca

1262 1049 1271 1068 .
1313 1031 1448 1072 enovcvae
1492 1030 1591 1066 ueris.

1464 1163 1789 1264 Iasi-olonae.

1127 1279 1246 1396 Quod
1261 1309 1465 1380 aviditatem
1482 1320 1580 1379 tuam
1596 1310 1783 1381 scribendo
1798 1331 1875 1379 non
1893 1307 2026 1400 expleo,
2046 1329 2121 1374 non

1127 1407 1167 1476 fit
1189 1411 1255 1479 filii
1274 1412 1330 1482 tui
1350 1409 1583 1501 negligentia,
1616 1411 1679 1504 qui
1700 1413 1806 1482 toties
1835 1410 1970 1501 flagitat
1988 1407 2122 1491 literas,

1127 1522 1168 1581 ut
1184 1511 1364 1583 interdum
1384 1506 1604 1584 stomachose
1619 1512 1803 1604 obiurgem
1827 1510 2122 1603 interpellantem,

1128 1613 1189 1682 sed
1206 1637 1247 1684 eo
1261 1615 1377 1685 rarius
1392 1615 1526 1699 scribo,
1549 1616 1646 1706 quod
1664 1638 1722 1700 ea,
1748 1615 1941 1709 dequibus
1964 1609 2122 1704 colloqui

1127 1715 1281 1785 solemus
1299 1738 1380 1785 cum
1395 1739 1467 1786 una
1491 1737 1637 1800 sumus,
1660 1715 1772 1785 literis
1793 1717 1962 1786 mandare
1977 1737 2053 1782 non
2075 1712 2122 1779 li-

1127 1827 1193 1888 cet.
1224 1813 1297 1888 Res
1309 1812 1465 1886 Gallicas
1483 1815 1554 1886 scio
1571 1830 1605 1887 te
1620 1839 1641 1884 a
1654 1840 1711 1886 ma
1725 1842 1799 1887 non
1815 1817 2012 1912 requirere3
2037 1836 2122 1882 nam

1127 1910 1233 1987 isthic
1256 1918 1339 1988 satis
1361 1917 1482 1986 inllate
1501 1917 1821 2008 praedicabuntur,
1840 1933 1881 1990 et
1898 1917 1967 1987 alia
1984 1913 2121 2006 signifi-

1128 2041 1207 2086 care
1238 2018 1402 2098 mallem,
1443 2042 1533 2112 quae
1572 2019 1684 2108 magis
1716 2021 1761 2090 ad
1792 2043 1859 2090 nos
1888 2018 2121 2110 pertinerent,

1127 2141 1288 2212 quaeque
1311 2131 1344 2189 te
1366 2118 1454 2188 scire
1482 2120 1684 2210 prodesset,
1724 2117 1782 2193 ὅτι
1800 2115 1884 2194 aeni
1912 2114 1982 2192 εἶσὶ
2000 2142 2122 2213 παρα-

1129 2213 1257 2292 σκευαὶ
1265 2220 1310 2290 ad
1319 2235 1532 2292 conventum
1543 2214 1571 2316 ¹)
1589 2223 1633 2290 de
1641 2222 1780 2292 duabus
1787 2225 1896 2295 rebus
1910 2219 2121 2313 praecipuis,

1128 2322 1172 2391 de
1187 2319 1344 2392 Ecclesia
1368 2322 1462 2392 etde
1484 2345 1568 2412 pace
1584 2319 1808 2398 Germaniae.
1861 2323 1932 2396 Sed
1956 2324 2000 2394 de
2021 2334 2122 2392 utra·

1128 2447 1197 2515 que
1213 2446 1251 2491 re
1269 2423 1341 2493 scio
1361 2423 1480 2494 nullas
1501 2445 1574 2492 esse
1599 2424 1707 2496 serias
1732 2425 2016 2498 deliberationes.
2066 2418 2121 2491 De

1129 2523 1264 2594 exuviis
1277 2522 1453 2619 Lycaonis
1468 2519 1628 2595 assiduae
1647 2538 1682 2595 et
1694 2528 1819 2597 anxiae
1841 2539 1924 2596 sunt
1945 2525 2121 2596 delibera-

1127 2624 1243 2696 tiones
1257 2629 1336 2698 τῶν
1350 2617 1640 2722 νομοφυλάκων.
1669 2625 1743 2699 Nos
1767 2629 1877 2718 igitur
1901 2649 2040 2698 causam
2058 2649 2121 2696 ve-

1128 2739 1235 2796 stram
1259 2739 1294 2797 at
1308 2725 1487 2798 Ecclesiae
1508 2724 1585 2796 Deo
1614 2732 1918 2812 commendamus,
1951 2727 2015 2822 qui
2035 2726 2120 2795 satis

1128 2827 1260 2897 illustri
1284 2843 1318 2900 et
1342 2828 1501 2898 evidenti
1521 2828 1722 2900 testimonio
1738 2831 1948 2918 declaravit,
1969 2853 2006 2899 se
2028 2827 2122 2898 affici

1128 2952 1211 2999 cura
1234 2929 1365 3014 nostri,
1394 2955 1476 3001 cnm
1503 2925 1697 3001 humanam
1724 2946 1887 3003 naturam
1910 2946 2053 3003 aeterno
2085 2942 2123 2997 et

1128 3030 1305 3100 immobili
1320 3031 1461 3101 foedere
1477 3031 1545 3102 sibi
1559 3032 1757 3125 copulavit,
1783 3035 1867 3129 quia
1880 3033 1995 3115 filius,
2022 3027 2043 3103 ὁ
2059 3023 2120 3102 λό-

1126 3155 1212 3231 yae,
1238 3127 1431 3203 humanam
1446 3145 1609 3202 naturam
1631 3136 1832 3228 assumpsit.
1882 3133 1980 3224 Quid
2003 3132 2121 3226 potuit

1128 3255 1201 3302 esse
1223 3234 1338 3302 maius
1361 3232 1491 3301 amoris
1516 3234 1573 3301 vel
1592 3235 1835 3307 testimonium
1862 3237 1921 3306 vel
1951 3258 2121 3310 ....cu-

1127 3333 1251 3402 dium?
1300 3330 1418 3404 Huius
1433 3331 1586 3404 foederis
1606 3337 1848 3406 consolatione
1870 3359 1937 3407 nos
1958 3335 2120 3404 console-

1126 3457 1205 3502 mus
1214 3445 1256 3503 et
1271 3445 1429 3504 nostram
1444 3447 1599 3525 spartam
1614 3460 1798 3524 ornemus,
1822 3459 1863 3508 ac
1883 3435 2062 3529 principes
2084 3447 2120 3503 et

1126 3534 1289 3626 politicos
1310 3531 1386 3604 Deo
1415 3537 1723 3624 commendemus,
1763 3533 1900 3633 hosque
1930 3538 2000 3630 piis
2026 3536 2119 3606 v'otis

1125 3637 1307 3724 iuvemus3
1331 3637 1481 3707 consilia
1496 3639 1593 3708 enim
1607 3663 1682 3710 non
1697 3640 1861 3717 andiunt.
1910 3637 1954 3715 B.
1971 3637 2015 3714 V.
2024 3632 2057 3733 ²)

1139 3991 1206 4074 No.
1221 4000 1336 4075 2818.

1134 4097 1348 4135 Μ
1966 4101 2104 4132 Μ

1487 4170 1525 4254 1.
1556 4167 1752 4255 Brentio.

1192 4329 1279 4402 Epist.
1294 4327 1344 4386 lih.
1358 4329 1406 4386 Vl.
1421 4348 1449 4398 p.
1461 4329 1514 4388 898
1527 4351 1568 4405 sq.
1584 4363 1622 4374 -
1645 4331 1699 4388 llic
1713 4351 1744 4386 ex
1758 4331 1925 4405 autographo
1939 4331 1967 4386 in
1982 4333 2118 4390 cod.lllo·

1228 4417 1289 4456 nac.
1304 4399 1326 4453 l.
1341 4419 1383 4471 ep.
1396 4399 1458 4456 572.

1127 4529 1289 4613 Clariss.
1316 4537 1460 4611 viro—
1482 4535 1537 4612 D.
1563 4535 1781 4612 Iohanni
1802 4537 2014 4622 Brentio,
2041 4534 2120 4609 Pa-

1127 4639 1225 4712 stori
1245 4638 1438 4714 Ecclesiae
1460 4641 1500 4712 r'n
1530 4640 1617 4714 arbe
1638 4639 1862 4715 Salinarum
1880 4636 2117 4712 Suevicaram

1453 4768 1574 4815 arnaco
1588 4769 1661 4839 sao,
1670 4768 1800 4819 careas.

1127 4855 1172 4950 S.
1192 4874 1238 4947 D.
1278 4877 1405 4950 Subito
1424 4873 1516 4949 hanc
1530 4874 1726 4972 Epistolam
1741 4875 1875 4967 scripsi.
1927 4873 2048 4964 Quare
2073 4889 2120 4962 te,

1128 5001 1213 5068 rogo
1230 4991 1271 5048 ut
1291 4979 1457 5051 brevitati
1471 4982 1612 5050 veniam
1634 4981 1707 5052 des.
1756 4975 1847 5048 Nam
1871 4979 1967 5072 quod
1989 4979 2034 5047 ad
2056 5003 2119 5048 cu-

1128 5079 1313 5175 piditatem
1334 5104 1450 5150 meam
1476 5081 1621 5166 attinet,
1646 5092 1738 5151 certe
1760 5093 1876 5152 tecum
1899 5093 1933 5151 et
1947 5103 2064 5151 coram
2086 5094 2120 5150 et

1090 5381 1097 5392 ⁵
1163 5411 1190 5480 t)
1208 5407 1250 5464 Aa
1262 5406 1384 5464 Consilia
1397 5403 1550 5478 Spirensis,
1567 5405 1679 5462 ineunte
1694 5424 1769 5462 enno
1784 5407 1859 5464 1511.
1875 5406 1975 5464 habits.

1161 5496 1189 5565 1)
1209 5491 1278 5548 coa.
1290 5491 1368 5548 Paris
1380 5492 1470 5548 addit:
1489 5490 1516 5550 d.
1529 5491 1572 5548 to.
1586 5489 1675 5547 Decb.
1688 5493 1766 5549 csta.

1971 4014 2029 4076 17.
2042 4005 2119 4070 Deo.
2235 3983 2239 3998 .
