<?xml version="1.0" encoding="UTF-8"?>
<!DOCTYPE html PUBLIC "-//W3C//DTD XHTML 1.0 Transitional//EN"
    "http://www.w3.org/TR/xhtml1/DTD/xhtml1-transitional.dtd">
<html xmlns="http://www.w3.org/1999/xhtml" xml:lang="en" lang="en">
 <head>
  <title>
</title>
<meta http-equiv="Content-Type" content="text/html;charset=utf-8" />
  <meta name='ocr-system' content='tesseract 3.04.00' />
  <meta name='ocr-capabilities' content='ocr_page ocr_carea ocr_par ocr_line ocrx_word'/>
</head>
<body>
  <div class='ocr_page' id='page_1' title='image "./copusreformator00bretgoog_0397.png"; bbox 0 0 4776 6260; ppageno 0'>
   <div class='ocr_carea' id='block_1_1' title="bbox 38 369 2071 478">
    <p class='ocr_par' dir='ltr' id='par_1_1' title="bbox 38 369 2071 478">
     <span class='ocr_line' id='line_1_1' title="bbox 38 369 2071 478; baseline -0.006 -16"><span class='ocrx_word' id='word_1_1' title='bbox 38 385 105 478; x_wconf 78' lang='grc' dir='ltr'><strong>ιιι</strong></span> <span class='ocrx_word' id='word_1_2' title='bbox 506 387 511 393; x_wconf 91' lang='lat'>·</span> <span class='ocrx_word' id='word_1_3' title='bbox 623 369 1060 452; x_wconf 80' lang='lat' dir='ltr'><strong>uetsronanuu</strong></span> <span class='ocrx_word' id='word_1_4' title='bbox 1109 371 1214 454; x_wconf 81' lang='lat' dir='ltr'><strong>nto.</strong></span> <span class='ocrx_word' id='word_1_5' title='bbox 1254 373 1318 456; x_wconf 89' lang='lat' dir='ltr'><strong>tx.</strong></span> <span class='ocrx_word' id='word_1_6' title='bbox 1372 373 1503 452; x_wconf 78' lang='lat' dir='ltr'><strong>tata.</strong></span> <span class='ocrx_word' id='word_1_7' title='bbox 1993 375 2071 450; x_wconf 86' lang='grc' dir='ltr'><strong>ιιι</strong></span> 
     </span>
    </p>
   </div>
   <div class='ocr_carea' id='block_1_2' title="bbox 11 537 2089 3408">
    <p class='ocr_par' dir='ltr' id='par_1_2' title="bbox 11 537 2089 3408">
     <span class='ocr_line' id='line_1_2' title="bbox 38 537 2069 643; baseline -0.005 -13"><span class='ocrx_word' id='word_1_8' title='bbox 38 567 132 630; x_wconf 88' lang='lat' dir='ltr'><strong>nocet</strong></span> <span class='ocrx_word' id='word_1_9' title='bbox 152 555 245 624; x_wconf 85' lang='lat' dir='ltr'><strong>vitae</strong></span> <span class='ocrx_word' id='word_1_10' title='bbox 267 548 456 624; x_wconf 89' lang='lat' dir='ltr'><strong>hominum</strong></span> <span class='ocrx_word' id='word_1_11' title='bbox 484 549 689 643; x_wconf 88' lang='lat' dir='ltr'><strong>turpissima</strong></span> <span class='ocrx_word' id='word_1_12' title='bbox 716 550 934 642; x_wconf 78' lang='lat' dir='ltr'><strong>religionum</strong></span> <span class='ocrx_word' id='word_1_13' title='bbox 966 537 1025 622; x_wconf 87' lang='lat' dir='ltr'><strong>so-</strong></span> <span class='ocrx_word' id='word_1_14' title='bbox 1076 569 1154 616; x_wconf 86' lang='lat' dir='ltr'><strong>cum</strong></span> <span class='ocrx_word' id='word_1_15' title='bbox 1179 545 1323 642; x_wconf 88' lang='lat' dir='ltr'><strong>quidem</strong></span> <span class='ocrx_word' id='word_1_16' title='bbox 1345 561 1498 635; x_wconf 87' lang='lat' dir='ltr'><strong>constet,</strong></span> <span class='ocrx_word' id='word_1_17' title='bbox 1525 573 1650 643; x_wconf 87' lang='lat' dir='ltr'><strong>magna</strong></span> <span class='ocrx_word' id='word_1_18' title='bbox 1673 551 1843 624; x_wconf 86' lang='lat' dir='ltr'><strong>beneficia</strong></span> <span class='ocrx_word' id='word_1_19' title='bbox 1869 549 1913 622; x_wconf 89' lang='lat' dir='ltr'><strong>ad</strong></span> <span class='ocrx_word' id='word_1_20' title='bbox 1937 551 2069 622; x_wconf 90' lang='lat' dir='ltr'><strong>multos</strong></span> 
     </span>
     <span class='ocr_line' id='line_1_3' title="bbox 37 643 2069 754; baseline -0.002 -26"><span class='ocrx_word' id='word_1_21' title='bbox 37 655 195 754; x_wconf 90' lang='lat' dir='ltr'><strong>phistica,</strong></span> <span class='ocrx_word' id='word_1_22' title='bbox 220 656 264 725; x_wconf 94' lang='lat' dir='ltr'><strong>de</strong></span> <span class='ocrx_word' id='word_1_23' title='bbox 279 679 349 748; x_wconf 90' lang='lat' dir='ltr'><strong>qua</strong></span> <span class='ocrx_word' id='word_1_24' title='bbox 364 654 522 743; x_wconf 84' lang='lat' dir='ltr'><strong>cogitans</strong></span> <span class='ocrx_word' id='word_1_25' title='bbox 538 653 720 746; x_wconf 90' lang='lat' dir='ltr'><strong>quotidie,</strong></span> <span class='ocrx_word' id='word_1_26' title='bbox 741 653 922 723; x_wconf 81' lang='lat' dir='ltr'><strong>moesticia</strong></span> <span class='ocrx_word' id='word_1_27' title='bbox 938 675 1025 722; x_wconf 87' lang='lat' dir='ltr'><strong>con·</strong></span> <span class='ocrx_word' id='word_1_28' title='bbox 1075 671 1116 718; x_wconf 84' lang='lat' dir='ltr'><strong>ex</strong></span> <span class='ocrx_word' id='word_1_29' title='bbox 1139 643 1206 718; x_wconf 88' lang='lat' dir='ltr'><strong>hac</strong></span> <span class='ocrx_word' id='word_1_30' title='bbox 1233 649 1370 722; x_wconf 75' lang='lat' dir='ltr'><strong>ditione</strong></span> <span class='ocrx_word' id='word_1_31' title='bbox 1396 653 1590 745; x_wconf 82' lang='lat' dir='ltr'><strong>pervenire.</strong></span> <span class='ocrx_word' id='word_1_32' title='bbox 1642 653 1748 726; x_wconf 90' lang='lat' dir='ltr'><strong>Nunc</strong></span> <span class='ocrx_word' id='word_1_33' title='bbox 1764 655 1844 728; x_wconf 91' lang='lat' dir='ltr'><strong>talis</strong></span> <span class='ocrx_word' id='word_1_34' title='bbox 1859 653 1968 746; x_wconf 89' lang='lat' dir='ltr'><strong>gratia</strong></span> <span class='ocrx_word' id='word_1_35' title='bbox 1985 653 2069 724; x_wconf 84' lang='lat' dir='ltr'><strong>red-</strong></span> 
     </span>
     <span class='ocr_line' id='line_1_4' title="bbox 37 749 1186 832; baseline -0.011 0"><span class='ocrx_word' id='word_1_36' title='bbox 37 763 180 832; x_wconf 89' lang='lat' dir='ltr'><strong>tabesco.</strong></span> <span class='ocrx_word' id='word_1_37' title='bbox 230 753 378 829; x_wconf 89' lang='lat' dir='ltr'><strong>Utinam</strong></span> <span class='ocrx_word' id='word_1_38' title='bbox 404 768 520 826; x_wconf 87' lang='lat' dir='ltr'><strong>autem</strong></span> <span class='ocrx_word' id='word_1_39' title='bbox 543 767 644 824; x_wconf 91' lang='lat' dir='ltr'><strong>tanto</strong></span> <span class='ocrx_word' id='word_1_40' title='bbox 668 752 780 824; x_wconf 90' lang='lat' dir='ltr'><strong>animi</strong></span> <span class='ocrx_word' id='word_1_41' title='bbox 800 769 932 825; x_wconf 87' lang='lat' dir='ltr'><strong>mutua</strong></span> <span class='ocrx_word' id='word_1_42' title='bbox 949 753 1023 822; x_wconf 88' lang='lat' dir='ltr'><strong>filio</strong></span> <span class='ocrx_word' id='word_1_43' title='bbox 1075 749 1186 827; x_wconf 93' lang='lat' dir='ltr'><strong>ditur.</strong></span> 
     </span>
     <span class='ocr_line' id='line_1_5' title="bbox 37 849 1024 952; baseline -0.009 -19"><span class='ocrx_word' id='word_1_44' title='bbox 37 861 98 934; x_wconf 89' lang='lat' dir='ltr'><strong>Dei</strong></span> <span class='ocrx_word' id='word_1_45' title='bbox 114 857 240 929; x_wconf 89' lang='lat' dir='ltr'><strong>horum</strong></span> <span class='ocrx_word' id='word_1_46' title='bbox 257 856 456 947; x_wconf 88' lang='lat' dir='ltr'><strong>ingentium</strong></span> <span class='ocrx_word' id='word_1_47' title='bbox 472 855 649 925; x_wconf 89' lang='lat' dir='ltr'><strong>maiorum</strong></span> <span class='ocrx_word' id='word_1_48' title='bbox 674 849 939 952; x_wconf 75' lang='grc' dir='ltr'><strong><em>ἐπανόρθωσιν</em></strong></span> <span class='ocrx_word' id='word_1_49' title='bbox 960 878 1024 947; x_wconf 86' lang='lat' dir='ltr'><strong>pe-</strong></span> 
     </span>
     <span class='ocr_line' id='line_1_6' title="bbox 36 949 2065 1056; baseline -0.004 -23"><span class='ocrx_word' id='word_1_50' title='bbox 36 978 103 1034; x_wconf 89' lang='lat' dir='ltr'><strong>tere</strong></span> <span class='ocrx_word' id='word_1_51' title='bbox 122 983 278 1052; x_wconf 89' lang='lat' dir='ltr'><strong>possem,</strong></span> <span class='ocrx_word' id='word_1_52' title='bbox 303 969 438 1052; x_wconf 89' lang='lat' dir='ltr'><strong>quanto</strong></span> <span class='ocrx_word' id='word_1_53' title='bbox 462 957 502 1024; x_wconf 91' lang='lat' dir='ltr'><strong>in</strong></span> <span class='ocrx_word' id='word_1_54' title='bbox 527 951 712 1026; x_wconf 89' lang='lat' dir='ltr'><strong>hesternae</strong></span> <span class='ocrx_word' id='word_1_55' title='bbox 728 956 893 1027; x_wconf 89' lang='lat' dir='ltr'><strong>lectionis</strong></span> <span class='ocrx_word' id='word_1_56' title='bbox 911 952 1025 1026; x_wconf 87' lang='lat' dir='ltr'><strong>histo·</strong></span> <span class='ocrx_word' id='word_1_57' title='bbox 1175 949 1224 1024; x_wconf 94' lang='lat' dir='ltr'><strong>Ut</strong></span> <span class='ocrx_word' id='word_1_58' title='bbox 1239 967 1358 1024; x_wconf 88' lang='lat' dir='ltr'><strong>autem</strong></span> <span class='ocrx_word' id='word_1_59' title='bbox 1380 955 1502 1026; x_wconf 89' lang='lat' dir='ltr'><strong>civitas</strong></span> <span class='ocrx_word' id='word_1_60' title='bbox 1523 956 1619 1028; x_wconf 89' lang='lat' dir='ltr'><strong>intus</strong></span> <span class='ocrx_word' id='word_1_61' title='bbox 1644 959 1874 1056; x_wconf 73' lang='lat' dir='ltr'><strong>tranquillior</strong></span> <span class='ocrx_word' id='word_1_62' title='bbox 1893 957 1958 1044; x_wconf 89' lang='lat' dir='ltr'><strong>sit,</strong></span> <span class='ocrx_word' id='word_1_63' title='bbox 1991 954 2065 1047; x_wconf 88' lang='lat' dir='ltr'><strong>pri-</strong></span> 
     </span>
     <span class='ocr_line' id='line_1_7' title="bbox 37 1053 2068 1151; baseline -0.003 -18"><span class='ocrx_word' id='word_1_64' title='bbox 37 1065 84 1134; x_wconf 91' lang='lat' dir='ltr'><strong>ria</strong></span> <span class='ocrx_word' id='word_1_65' title='bbox 101 1076 211 1132; x_wconf 89' lang='lat' dir='ltr'><strong>mater</strong></span> <span class='ocrx_word' id='word_1_66' title='bbox 222 1057 387 1130; x_wconf 89' lang='lat' dir='ltr'><strong>Cananea</strong></span> <span class='ocrx_word' id='word_1_67' title='bbox 403 1059 496 1126; x_wconf 85' lang='lat' dir='ltr'><strong>filiae</strong></span> <span class='ocrx_word' id='word_1_68' title='bbox 510 1053 800 1151; x_wconf 74' lang='grc' dir='ltr'><strong><em>δαιμονιζομίνῃ</em></strong></span> <span class='ocrx_word' id='word_1_69' title='bbox 818 1083 919 1151; x_wconf 90' lang='lat' dir='ltr'><strong>opem</strong></span> <span class='ocrx_word' id='word_1_70' title='bbox 939 1055 1024 1128; x_wconf 88' lang='lat' dir='ltr'><strong>ierri</strong></span> <span class='ocrx_word' id='word_1_71' title='bbox 1075 1076 1173 1124; x_wconf 90' lang='lat' dir='ltr'><strong>mum</strong></span> <span class='ocrx_word' id='word_1_72' title='bbox 1188 1057 1399 1126; x_wconf 88' lang='lat' dir='ltr'><strong>mandamus</strong></span> <span class='ocrx_word' id='word_1_73' title='bbox 1417 1059 1653 1144; x_wconf 86' lang='lat' dir='ltr'><strong>severissime,</strong></span> <span class='ocrx_word' id='word_1_74' title='bbox 1672 1085 1718 1130; x_wconf 87' lang='lat' dir='ltr'><strong>ne</strong></span> <span class='ocrx_word' id='word_1_75' title='bbox 1735 1062 1858 1133; x_wconf 89' lang='lat' dir='ltr'><strong>sintin</strong></span> <span class='ocrx_word' id='word_1_76' title='bbox 1878 1057 2068 1130; x_wconf 79' lang='lat' dir='ltr'><strong>Academia</strong></span> 
     </span>
     <span class='ocr_line' id='line_1_8' title="bbox 35 1153 2068 1260; baseline -0.005 -24"><span class='ocrx_word' id='word_1_77' title='bbox 35 1165 125 1260; x_wconf 89' lang='lat' dir='ltr'><strong>petit.</strong></span> <span class='ocrx_word' id='word_1_78' title='bbox 178 1161 285 1232; x_wconf 81' lang='lat' dir='ltr'><strong>Facio</strong></span> <span class='ocrx_word' id='word_1_79' title='bbox 310 1174 429 1232; x_wconf 89' lang='lat' dir='ltr'><strong>tamen</strong></span> <span class='ocrx_word' id='word_1_80' title='bbox 446 1172 526 1229; x_wconf 86' lang='lat' dir='ltr'><strong>vota</strong></span> <span class='ocrx_word' id='word_1_81' title='bbox 545 1159 703 1239; x_wconf 80' lang='lat' dir='ltr'><strong>assidue,</strong></span> <span class='ocrx_word' id='word_1_82' title='bbox 730 1183 769 1228; x_wconf 89' lang='lat' dir='ltr'><strong>ac</strong></span> <span class='ocrx_word' id='word_1_83' title='bbox 790 1174 904 1230; x_wconf 87' lang='lat' dir='ltr'><strong>tecum</strong></span> <span class='ocrx_word' id='word_1_84' title='bbox 925 1153 1023 1230; x_wconf 90' lang='lat' dir='ltr'><strong>haud</strong></span> <span class='ocrx_word' id='word_1_85' title='bbox 1075 1177 1240 1241; x_wconf 87' lang='lat' dir='ltr'><strong>errones,</strong></span> <span class='ocrx_word' id='word_1_86' title='bbox 1266 1155 1776 1249; x_wconf 84' lang='lat' dir='ltr'><strong>quiRectorinondederirnt</strong></span> <span class='ocrx_word' id='word_1_87' title='bbox 1800 1185 1954 1245; x_wconf 91' lang='lat' dir='ltr'><strong>nomen,</strong></span> <span class='ocrx_word' id='word_1_88' title='bbox 1978 1177 2068 1228; x_wconf 85' lang='lat' dir='ltr'><strong>neve</strong></span> 
     </span>
     <span class='ocr_line' id='line_1_9' title="bbox 34 1255 2068 1356; baseline -0.005 -20"><span class='ocrx_word' id='word_1_89' title='bbox 34 1266 154 1344; x_wconf 84' lang='lat' dir='ltr'><strong>dubio,</strong></span> <span class='ocrx_word' id='word_1_90' title='bbox 181 1276 216 1334; x_wconf 88' lang='lat' dir='ltr'><strong>et</strong></span> <span class='ocrx_word' id='word_1_91' title='bbox 237 1287 315 1332; x_wconf 90' lang='lat' dir='ltr'><strong>meo</strong></span> <span class='ocrx_word' id='word_1_92' title='bbox 338 1263 416 1332; x_wconf 94' lang='lat' dir='ltr'><strong>loco</strong></span> <span class='ocrx_word' id='word_1_93' title='bbox 437 1259 558 1330; x_wconf 90' lang='lat' dir='ltr'><strong>studui</strong></span> <span class='ocrx_word' id='word_1_94' title='bbox 582 1259 811 1330; x_wconf 76' lang='lat' dir='ltr'><strong>mediocriter</strong></span> <span class='ocrx_word' id='word_1_95' title='bbox 826 1282 1024 1352; x_wconf 81' lang='lat' dir='ltr'><strong>repugnare</strong></span> <span class='ocrx_word' id='word_1_96' title='bbox 1075 1255 1262 1349; x_wconf 87' lang='lat' dir='ltr'><strong>quisquam</strong></span> <span class='ocrx_word' id='word_1_97' title='bbox 1287 1258 1434 1350; x_wconf 90' lang='lat' dir='ltr'><strong>recipiat</strong></span> <span class='ocrx_word' id='word_1_98' title='bbox 1456 1265 1499 1330; x_wconf 90' lang='lat' dir='ltr'><strong>ad</strong></span> <span class='ocrx_word' id='word_1_99' title='bbox 1523 1286 1558 1330; x_wconf 88' lang='lat' dir='ltr'><strong>se</strong></span> <span class='ocrx_word' id='word_1_100' title='bbox 1582 1258 1757 1356; x_wconf 77' lang='lat' dir='ltr'><strong>hospitem</strong></span> <span class='ocrx_word' id='word_1_101' title='bbox 1772 1265 1953 1355; x_wconf 86' lang='lat' dir='ltr'><strong>ignotum,</strong></span> <span class='ocrx_word' id='word_1_102' title='bbox 1977 1279 2068 1328; x_wconf 83' lang='lat' dir='ltr'><strong>neve</strong></span> 
     </span>
     <span class='ocr_line' id='line_1_10' title="bbox 35 1351 2067 1460; baseline -0.004 -22"><span class='ocrx_word' id='word_1_103' title='bbox 35 1363 253 1460; x_wconf 72' lang='lat' dir='ltr'><strong>sophisticae.</strong></span> <span class='ocrx_word' id='word_1_104' title='bbox 306 1361 349 1432; x_wconf 93' lang='lat' dir='ltr'><strong>ln</strong></span> <span class='ocrx_word' id='word_1_105' title='bbox 364 1387 404 1432; x_wconf 92' lang='lat' dir='ltr'><strong>ea</strong></span> <span class='ocrx_word' id='word_1_106' title='bbox 418 1361 694 1446; x_wconf 89' lang='lat' dir='ltr'><strong>deliberatione,</strong></span> <span class='ocrx_word' id='word_1_107' title='bbox 718 1386 809 1455; x_wconf 92' lang='lat' dir='ltr'><strong>quae</strong></span> <span class='ocrx_word' id='word_1_108' title='bbox 824 1363 868 1431; x_wconf 88' lang='lat' dir='ltr'><strong>dc</strong></span> <span class='ocrx_word' id='word_1_109' title='bbox 883 1360 1023 1431; x_wconf 89' lang='lat' dir='ltr'><strong>Ducum</strong></span> <span class='ocrx_word' id='word_1_110' title='bbox 1073 1351 1751 1451; x_wconf 86' lang='lat' dir='ltr'><strong>Scholasticibornhardashabeant,ac</strong></span> <span class='ocrx_word' id='word_1_111' title='bbox 1767 1367 1798 1435; x_wconf 90' lang='lat' dir='ltr'><strong>si</strong></span> <span class='ocrx_word' id='word_1_112' title='bbox 1815 1389 1920 1460; x_wconf 84' lang='lat' dir='ltr'><strong>quern</strong></span> <span class='ocrx_word' id='word_1_113' title='bbox 1937 1358 2067 1456; x_wconf 68' lang='lat' dir='ltr'><strong>habere</strong></span> 
     </span>
     <span class='ocr_line' id='line_1_11' title="bbox 32 1458 2068 1558; baseline -0.006 -16"><span class='ocrx_word' id='word_1_114' title='bbox 32 1467 285 1544; x_wconf 77' lang='lat' dir='ltr'><strong>saxonicorum</strong></span> <span class='ocrx_word' id='word_1_115' title='bbox 302 1463 552 1534; x_wconf 85' lang='lat' dir='ltr'><strong>controversiis</strong></span> <span class='ocrx_word' id='word_1_116' title='bbox 566 1460 758 1533; x_wconf 84' lang='lat' dir='ltr'><strong>Macedoni</strong></span> <span class='ocrx_word' id='word_1_117' title='bbox 774 1462 940 1554; x_wconf 87' lang='lat' dir='ltr'><strong>imposita</strong></span> <span class='ocrx_word' id='word_1_118' title='bbox 963 1475 1025 1546; x_wconf 88' lang='lat' dir='ltr'><strong>est,</strong></span> <span class='ocrx_word' id='word_1_119' title='bbox 1073 1458 1307 1528; x_wconf 89' lang='lat' dir='ltr'><strong>bombardam</strong></span> <span class='ocrx_word' id='word_1_120' title='bbox 1326 1465 1600 1552; x_wconf 66' lang='lat' dir='ltr'><strong>comperiemus,</strong></span> <span class='ocrx_word' id='word_1_121' title='bbox 1623 1461 1895 1553; x_wconf 75' lang='lat' dir='ltr'><strong>huncnotatum</strong></span> <span class='ocrx_word' id='word_1_122' title='bbox 1910 1459 2068 1558; x_wconf 85' lang='lat' dir='ltr'><strong>ignomi-</strong></span> 
     </span>
     <span class='ocr_line' id='line_1_12' title="bbox 11 1555 2068 1664; baseline -0.002 -27"><span class='ocrx_word' id='word_1_123' title='bbox 11 1563 16 1578; x_wconf 63' lang='lat'>⁵</span> <span class='ocrx_word' id='word_1_124' title='bbox 32 1572 94 1642; x_wconf 87' lang='lat' dir='ltr'><strong>erit</strong></span> <span class='ocrx_word' id='word_1_125' title='bbox 123 1559 330 1664; x_wconf 81' lang='grc' dir='ltr'><strong><em>κεφάλαιον</em></strong></span> <span class='ocrx_word' id='word_1_126' title='bbox 361 1559 446 1658; x_wconf 78' lang='grc' dir='ltr'><strong><em>περὶ</em></strong></span> <span class='ocrx_word' id='word_1_127' title='bbox 475 1558 719 1654; x_wconf 75' lang='grc' dir='ltr'><strong><em>διδασκαλίας</em></strong></span> <span class='ocrx_word' id='word_1_128' title='bbox 740 1562 960 1657; x_wconf 76' lang='grc' dir='ltr'><strong><em>ἐκκλησιῶν,</em></strong></span> <span class='ocrx_word' id='word_1_129' title='bbox 993 1563 1023 1634; x_wconf 85' lang='lat' dir='ltr'><strong>ei</strong></span> <span class='ocrx_word' id='word_1_130' title='bbox 1074 1559 1133 1628; x_wconf 89' lang='lat' dir='ltr'><strong>nia</strong></span> <span class='ocrx_word' id='word_1_131' title='bbox 1150 1583 1190 1628; x_wconf 83' lang='lat' dir='ltr'><strong>ex</strong></span> <span class='ocrx_word' id='word_1_132' title='bbox 1205 1555 1325 1631; x_wconf 86' lang='lat' dir='ltr'><strong>schola</strong></span> <span class='ocrx_word' id='word_1_133' title='bbox 1341 1561 1530 1638; x_wconf 89' lang='lat' dir='ltr'><strong>eiiciemus.</strong></span> <span class='ocrx_word' id='word_1_134' title='bbox 1557 1564 1651 1638; x_wconf 89' lang='lat' dir='ltr'><strong>Sunt</strong></span> <span class='ocrx_word' id='word_1_135' title='bbox 1665 1567 1776 1662; x_wconf 88' lang='lat' dir='ltr'><strong>aliqui</strong></span> <span class='ocrx_word' id='word_1_136' title='bbox 1791 1568 1899 1638; x_wconf 89' lang='lat' dir='ltr'><strong>nimis</strong></span> <span class='ocrx_word' id='word_1_137' title='bbox 1912 1565 2068 1636; x_wconf 90' lang='lat' dir='ltr'><strong>multum</strong></span> 
     </span>
     <span class='ocr_line' id='line_1_13' title="bbox 31 1658 2067 1767; baseline -0.004 -21"><span class='ocrx_word' id='word_1_138' title='bbox 31 1672 311 1767; x_wconf 76' lang='grc' dir='ltr'>συμφωνοῦσαν</span> <span class='ocrx_word' id='word_1_139' title='bbox 338 1660 585 1739; x_wconf 81' lang='grc' dir='ltr'><strong><em>διδασκαλίαν</em></strong></span> <span class='ocrx_word' id='word_1_140' title='bbox 614 1658 749 1746; x_wconf 79' lang='grc' dir='ltr'><strong><em>πάντες</em></strong></span> <span class='ocrx_word' id='word_1_141' title='bbox 775 1663 811 1737; x_wconf 83' lang='grc' dir='ltr'><strong>οἱ</strong></span> <span class='ocrx_word' id='word_1_142' title='bbox 834 1667 1024 1764; x_wconf 75' lang='grc' dir='ltr'><strong><em>συγγενεῖς</em></strong></span> <span class='ocrx_word' id='word_1_143' title='bbox 1073 1659 1144 1730; x_wconf 88' lang='lat' dir='ltr'><strong>sihi</strong></span> <span class='ocrx_word' id='word_1_144' title='bbox 1160 1660 1403 1751; x_wconf 77' lang='lat' dir='ltr'><strong>indulgentes,</strong></span> <span class='ocrx_word' id='word_1_145' title='bbox 1429 1679 1465 1736; x_wconf 89' lang='lat' dir='ltr'><strong>et</strong></span> <span class='ocrx_word' id='word_1_146' title='bbox 1479 1667 1529 1736; x_wconf 89' lang='lat' dir='ltr'><strong>ita</strong></span> <span class='ocrx_word' id='word_1_147' title='bbox 1539 1668 1714 1764; x_wconf 81' lang='lat' dir='ltr'><strong>viventes,</strong></span> <span class='ocrx_word' id='word_1_148' title='bbox 1737 1682 1778 1740; x_wconf 89' lang='lat' dir='ltr'><strong>ut</strong></span> <span class='ocrx_word' id='word_1_149' title='bbox 1796 1670 1872 1740; x_wconf 88' lang='lat' dir='ltr'><strong>sine</strong></span> <span class='ocrx_word' id='word_1_150' title='bbox 1887 1669 1962 1740; x_wconf 91' lang='lat' dir='ltr'><strong>ulla</strong></span> <span class='ocrx_word' id='word_1_151' title='bbox 1979 1685 2067 1735; x_wconf 89' lang='lat' dir='ltr'><strong>con-</strong></span> 
     </span>
     <span class='ocr_line' id='line_1_14' title="bbox 33 1757 2067 1868; baseline -0.005 -23"><span class='ocrx_word' id='word_1_152' title='bbox 33 1772 209 1868; x_wconf 76' lang='grc' dir='ltr'><strong><em>ἄρχουτις</em></strong></span> <span class='ocrx_word' id='word_1_153' title='bbox 225 1761 443 1861; x_wconf 77' lang='grc' dir='ltr'><strong><em>ἐθελήσουσι</em></strong></span> <span class='ocrx_word' id='word_1_154' title='bbox 459 1760 662 1862; x_wconf 77' lang='grc' dir='ltr'><strong><em>φυλάττειν</em></strong></span> <span class='ocrx_word' id='word_1_155' title='bbox 678 1765 712 1848; x_wconf 75' lang='grc' dir='ltr'><strong>ἐς</strong></span> <span class='ocrx_word' id='word_1_156' title='bbox 727 1757 795 1840; x_wconf 77' lang='lat' dir='ltr'><strong>cisi.</strong></span> <span class='ocrx_word' id='word_1_157' title='bbox 846 1763 943 1837; x_wconf 87' lang='lat' dir='ltr'><strong>Deus</strong></span> <span class='ocrx_word' id='word_1_158' title='bbox 959 1788 1024 1855; x_wconf 89' lang='lat' dir='ltr'><strong>gu-</strong></span> <span class='ocrx_word' id='word_1_159' title='bbox 1074 1760 1289 1832; x_wconf 89' lang='lat' dir='ltr'><strong>sideratione</strong></span> <span class='ocrx_word' id='word_1_160' title='bbox 1312 1765 1446 1854; x_wconf 89' lang='lat' dir='ltr'><strong>publici</strong></span> <span class='ocrx_word' id='word_1_161' title='bbox 1469 1781 1597 1854; x_wconf 90' lang='lat' dir='ltr'><strong>status,</strong></span> <span class='ocrx_word' id='word_1_162' title='bbox 1630 1793 1860 1865; x_wconf 88' lang='lat' dir='ltr'><strong>quaecunque</strong></span> <span class='ocrx_word' id='word_1_163' title='bbox 1883 1769 1975 1840; x_wconf 88' lang='lat' dir='ltr'><strong>caeci</strong></span> <span class='ocrx_word' id='word_1_164' title='bbox 1997 1765 2067 1835; x_wconf 90' lang='lat' dir='ltr'><strong>im-</strong></span> 
     </span>
     <span class='ocr_line' id='line_1_15' title="bbox 29 1857 2068 1965; baseline -0.005 -19"><span class='ocrx_word' id='word_1_165' title='bbox 29 1877 151 1946; x_wconf 86' lang='lat' dir='ltr'><strong>bernet</strong></span> <span class='ocrx_word' id='word_1_166' title='bbox 166 1867 259 1942; x_wconf 90' lang='lat' dir='ltr'><strong>hanc</strong></span> <span class='ocrx_word' id='word_1_167' title='bbox 276 1868 580 1942; x_wconf 86' lang='lat' dir='ltr'><strong>deliberationem.</strong></span> <span class='ocrx_word' id='word_1_168' title='bbox 632 1865 741 1939; x_wconf 92' lang='lat' dir='ltr'><strong>Mitto</strong></span> <span class='ocrx_word' id='word_1_169' title='bbox 766 1867 832 1939; x_wconf 90' lang='lat' dir='ltr'><strong>tibi</strong></span> <span class='ocrx_word' id='word_1_170' title='bbox 856 1868 1023 1959; x_wconf 84' lang='lat' dir='ltr'><strong>pagellas,</strong></span> <span class='ocrx_word' id='word_1_171' title='bbox 1073 1857 1175 1954; x_wconf 80' lang='lat' dir='ltr'><strong>petu‘s</strong></span> <span class='ocrx_word' id='word_1_172' title='bbox 1209 1865 1373 1956; x_wconf 89' lang='lat' dir='ltr'><strong>rapiunt,</strong></span> <span class='ocrx_word' id='word_1_173' title='bbox 1407 1885 1613 1963; x_wconf 85' lang='lat' dir='ltr'><strong>sequantur.</strong></span> <span class='ocrx_word' id='word_1_174' title='bbox 1677 1869 1727 1941; x_wconf 87' lang='lat' dir='ltr'><strong>Hi</strong></span> <span class='ocrx_word' id='word_1_175' title='bbox 1758 1895 1860 1965; x_wconf 84' lang='lat' dir='ltr'><strong>saepe</strong></span> <span class='ocrx_word' id='word_1_176' title='bbox 1892 1867 2068 1942; x_wconf 85' lang='lat' dir='ltr'><strong>tumultus</strong></span> 
     </span>
     <span class='ocr_line' id='line_1_16' title="bbox 29 1965 2067 2059; baseline -0.005 -13"><span class='ocrx_word' id='word_1_177' title='bbox 29 1991 70 2046; x_wconf 91' lang='lat' dir='ltr'><strong>ut</strong></span> <span class='ocrx_word' id='word_1_178' title='bbox 96 1986 180 2044; x_wconf 92' lang='lat' dir='ltr'><strong>sunt</strong></span> <span class='ocrx_word' id='word_1_179' title='bbox 202 1985 361 2056; x_wconf 88' lang='lat' dir='ltr'><strong>nostrae,</strong></span> <span class='ocrx_word' id='word_1_180' title='bbox 398 1969 615 2040; x_wconf 86' lang='lat' dir='ltr'><strong>moesticiam</strong></span> <span class='ocrx_word' id='word_1_181' title='bbox 642 1969 776 2041; x_wconf 87' lang='lat' dir='ltr'><strong>autoris</strong></span> <span class='ocrx_word' id='word_1_182' title='bbox 798 1993 834 2038; x_wconf 88' lang='lat' dir='ltr'><strong>se</strong></span> <span class='ocrx_word' id='word_1_183' title='bbox 860 1970 1023 2042; x_wconf 88' lang='lat' dir='ltr'><strong>serentes.</strong></span> <span class='ocrx_word' id='word_1_184' title='bbox 1072 1976 1235 2048; x_wconf 86' lang='lat' dir='ltr'><strong>movent,</strong></span> <span class='ocrx_word' id='word_1_185' title='bbox 1261 1979 1296 2035; x_wconf 92' lang='lat' dir='ltr'><strong>ct</strong></span> <span class='ocrx_word' id='word_1_186' title='bbox 1310 1965 1382 2036; x_wconf 91' lang='lat' dir='ltr'><strong>dici</strong></span> <span class='ocrx_word' id='word_1_187' title='bbox 1405 1981 1525 2040; x_wconf 91' lang='lat' dir='ltr'><strong>tamen</strong></span> <span class='ocrx_word' id='word_1_188' title='bbox 1545 1965 1689 2044; x_wconf 89' lang='lat' dir='ltr'><strong>honesti</strong></span> <span class='ocrx_word' id='word_1_189' title='bbox 1703 1975 1848 2059; x_wconf 89' lang='lat' dir='ltr'><strong>volunt,</strong></span> <span class='ocrx_word' id='word_1_190' title='bbox 1873 1973 2067 2054; x_wconf 77' lang='lat' dir='ltr'><strong>clamitant,</strong></span> 
     </span>
     <span class='ocr_line' id='line_1_17' title="bbox 27 2059 2089 2165; baseline -0.004 -17"><span class='ocrx_word' id='word_1_191' title='bbox 27 2073 126 2148; x_wconf 88' lang='lat' dir='ltr'><strong>Deus</strong></span> <span class='ocrx_word' id='word_1_192' title='bbox 157 2087 321 2145; x_wconf 87' lang='lat' dir='ltr'><strong>aeternus</strong></span> <span class='ocrx_word' id='word_1_193' title='bbox 350 2083 450 2165; x_wconf 90' lang='lat' dir='ltr'><strong>pater</strong></span> <span class='ocrx_word' id='word_1_194' title='bbox 477 2069 617 2142; x_wconf 86' lang='lat' dir='ltr'><strong>domini</strong></span> <span class='ocrx_word' id='word_1_195' title='bbox 643 2071 757 2142; x_wconf 89' lang='lat' dir='ltr'><strong>nostri</strong></span> <span class='ocrx_word' id='word_1_196' title='bbox 783 2069 863 2140; x_wconf 90' lang='lat' dir='ltr'><strong>lesu</strong></span> <span class='ocrx_word' id='word_1_197' title='bbox 888 2064 1023 2141; x_wconf 86' lang='lat' dir='ltr'><strong>Christi</strong></span> <span class='ocrx_word' id='word_1_198' title='bbox 1072 2089 1109 2134; x_wconf 86' lang='lat' dir='ltr'><strong>se</strong></span> <span class='ocrx_word' id='word_1_199' title='bbox 1130 2059 1222 2133; x_wconf 90' lang='lat' dir='ltr'><strong>nihil</strong></span> <span class='ocrx_word' id='word_1_200' title='bbox 1248 2067 1384 2153; x_wconf 85' lang='lat' dir='ltr'><strong>iacere,</strong></span> <span class='ocrx_word' id='word_1_201' title='bbox 1408 2073 1506 2161; x_wconf 87' lang='lat' dir='ltr'><strong>quod</strong></span> <span class='ocrx_word' id='word_1_202' title='bbox 1528 2072 1644 2142; x_wconf 90' lang='lat' dir='ltr'><strong>laedat</strong></span> <span class='ocrx_word' id='word_1_203' title='bbox 1663 2074 1805 2150; x_wconf 87' lang='lat' dir='ltr'><strong>samam.</strong></span> <span class='ocrx_word' id='word_1_204' title='bbox 1857 2073 1957 2162; x_wconf 88' lang='lat' dir='ltr'><strong>Quae</strong></span> <span class='ocrx_word' id='word_1_205' title='bbox 1980 2068 2089 2141; x_wconf 64' lang='lat' dir='ltr'><strong>haec¹</strong></span> 
     </span>
     <span class='ocr_line' id='line_1_18' title="bbox 27 2165 2067 2264; baseline 0.001 -17"><span class='ocrx_word' id='word_1_206' title='bbox 27 2189 141 2248; x_wconf 89' lang='lat' dir='ltr'><strong>servet</strong></span> <span class='ocrx_word' id='word_1_207' title='bbox 168 2189 202 2246; x_wconf 90' lang='lat' dir='ltr'><strong>te</strong></span> <span class='ocrx_word' id='word_1_208' title='bbox 222 2188 256 2246; x_wconf 93' lang='lat' dir='ltr'><strong>et</strong></span> <span class='ocrx_word' id='word_1_209' title='bbox 267 2168 456 2246; x_wconf 88' lang='lat' dir='ltr'><strong>honestiss.</strong></span> <span class='ocrx_word' id='word_1_210' title='bbox 472 2171 658 2260; x_wconf 86' lang='lat' dir='ltr'><strong>coniugem</strong></span> <span class='ocrx_word' id='word_1_211' title='bbox 685 2187 800 2258; x_wconf 91' lang='lat' dir='ltr'><strong>tuam,</strong></span> <span class='ocrx_word' id='word_1_212' title='bbox 825 2186 860 2245; x_wconf 92' lang='lat' dir='ltr'><strong>ct</strong></span> <span class='ocrx_word' id='word_1_213' title='bbox 874 2185 954 2242; x_wconf 87' lang='lat' dir='ltr'><strong>tuos</strong></span> <span class='ocrx_word' id='word_1_214' title='bbox 976 2171 1022 2240; x_wconf 89' lang='lat' dir='ltr'><strong>li·</strong></span> <span class='ocrx_word' id='word_1_215' title='bbox 1072 2189 1165 2236; x_wconf 72' lang='lat' dir='ltr'><strong>trove</strong></span> <span class='ocrx_word' id='word_1_216' title='bbox 1186 2165 1359 2258; x_wconf 71' lang='lat' dir='ltr'><strong>sapientia</strong></span> <span class='ocrx_word' id='word_1_217' title='bbox 1383 2182 1453 2248; x_wconf 76' lang='lat' dir='ltr'><strong>est,</strong></span> <span class='ocrx_word' id='word_1_218' title='bbox 1485 2195 1564 2241; x_wconf 87' lang='lat' dir='ltr'><strong>cum</strong></span> <span class='ocrx_word' id='word_1_219' title='bbox 1591 2174 1787 2264; x_wconf 86' lang='lat' dir='ltr'><strong>petulantia</strong></span> <span class='ocrx_word' id='word_1_220' title='bbox 1805 2177 1853 2246; x_wconf 88' lang='lat' dir='ltr'><strong>sit</strong></span> <span class='ocrx_word' id='word_1_221' title='bbox 1870 2173 2067 2252; x_wconf 65' lang='lat' dir='ltr'><strong>manifestas</strong></span> 
     </span>
     <span class='ocr_line' id='line_1_19' title="bbox 24 2269 2068 2368; baseline -0.005 -18"><span class='ocrx_word' id='word_1_222' title='bbox 24 2279 129 2352; x_wconf 87' lang='lat' dir='ltr'><strong>beros</strong></span> <span class='ocrx_word' id='word_1_223' title='bbox 145 2277 290 2352; x_wconf 86' lang='lat' dir='ltr'><strong>dulciss.</strong></span> <span class='ocrx_word' id='word_1_224' title='bbox 305 2289 402 2368; x_wconf 83' lang='lat' dir='ltr'><strong>regat</strong></span> <span class='ocrx_word' id='word_1_225' title='bbox 418 2288 538 2346; x_wconf 90' lang='lat' dir='ltr'><strong>nostra</strong></span> <span class='ocrx_word' id='word_1_226' title='bbox 554 2275 683 2345; x_wconf 87' lang='lat' dir='ltr'><strong>studia.</strong></span> <span class='ocrx_word' id='word_1_227' title='bbox 1071 2281 1191 2337; x_wconf 88' lang='lat' dir='ltr'><strong>tamen</strong></span> <span class='ocrx_word' id='word_1_228' title='bbox 1213 2269 1452 2363; x_wconf 87' lang='lat' dir='ltr'><strong>qualicunque</strong></span> <span class='ocrx_word' id='word_1_229' title='bbox 1476 2286 1657 2362; x_wconf 80' lang='lat' dir='ltr'><strong>praetextu</strong></span> <span class='ocrx_word' id='word_1_230' title='bbox 1681 2277 1853 2348; x_wconf 89' lang='lat' dir='ltr'><strong>tumultus</strong></span> <span class='ocrx_word' id='word_1_231' title='bbox 1879 2271 2068 2346; x_wconf 81' lang='lat' dir='ltr'><strong>exctrsarei</strong></span> 
     </span>
     <span class='ocr_line' id='line_1_20' title="bbox 674 2363 2066 2493; baseline 0.004 -58"><span class='ocrx_word' id='word_1_232' title='bbox 674 2416 769 2493; x_wconf 58' lang='lat' dir='ltr'><strong>PM</strong></span> <span class='ocrx_word' id='word_1_233' title='bbox 792 2420 868 2492; x_wconf 66' lang='lat' dir='ltr'><strong>Ml</strong></span> <span class='ocrx_word' id='word_1_234' title='bbox 932 2415 958 2491; x_wconf 74' lang='lat' dir='ltr'>h</span> <span class='ocrx_word' id='word_1_235' title='bbox 1070 2363 1194 2438; x_wconf 88' lang='lat' dir='ltr'><strong>Bonus</strong></span> <span class='ocrx_word' id='word_1_236' title='bbox 1216 2369 1303 2438; x_wconf 86' lang='lat' dir='ltr'><strong>civis</strong></span> <span class='ocrx_word' id='word_1_237' title='bbox 1327 2393 1469 2462; x_wconf 89' lang='lat' dir='ltr'><strong>parcere</strong></span> <span class='ocrx_word' id='word_1_238' title='bbox 1494 2374 1599 2443; x_wconf 89' lang='lat' dir='ltr'><strong>debet</strong></span> <span class='ocrx_word' id='word_1_239' title='bbox 1624 2377 1786 2466; x_wconf 84' lang='lat' dir='ltr'><strong>publicae</strong></span> <span class='ocrx_word' id='word_1_240' title='bbox 1801 2373 2066 2470; x_wconf 87' lang='lat' dir='ltr'><strong>tranquillitati,</strong></span> 
     </span>
     <span class='ocr_line' id='line_1_21' title="bbox 732 2433 2064 2568; baseline 0.003 -31"><span class='ocrx_word' id='word_1_241' title='bbox 732 2447 744 2492; x_wconf 81' lang='lat'>¹</span> <span class='ocrx_word' id='word_1_242' title='bbox 837 2433 931 2492; x_wconf 59' lang='lat'><strong>⁸⁸⁰¹</strong></span> <span class='ocrx_word' id='word_1_243' title='bbox 960 2473 971 2498; x_wconf 84' lang='lat'>&#39;</span> <span class='ocrx_word' id='word_1_244' title='bbox 1071 2483 1106 2539; x_wconf 87' lang='lat' dir='ltr'><strong>ct</strong></span> <span class='ocrx_word' id='word_1_245' title='bbox 1134 2470 1207 2540; x_wconf 88' lang='lat' dir='ltr'><strong>suis</strong></span> <span class='ocrx_word' id='word_1_246' title='bbox 1229 2494 1305 2540; x_wconf 89' lang='lat' dir='ltr'><strong>eam</strong></span> <span class='ocrx_word' id='word_1_247' title='bbox 1335 2472 1463 2541; x_wconf 86' lang='lat' dir='ltr'><strong>officiis</strong></span> <span class='ocrx_word' id='word_1_248' title='bbox 1485 2475 1596 2558; x_wconf 87' lang='lat' dir='ltr'><strong>tueri,</strong></span> <span class='ocrx_word' id='word_1_249' title='bbox 1628 2477 1764 2546; x_wconf 86' lang='lat' dir='ltr'><strong>etiamsi</strong></span> <span class='ocrx_word' id='word_1_250' title='bbox 1784 2480 1877 2568; x_wconf 88' lang='lat' dir='ltr'><strong>leges</strong></span> <span class='ocrx_word' id='word_1_251' title='bbox 1901 2501 1975 2546; x_wconf 93' lang='lat' dir='ltr'><strong>non</strong></span> <span class='ocrx_word' id='word_1_252' title='bbox 1999 2497 2064 2567; x_wconf 89' lang='lat' dir='ltr'><strong>pn-</strong></span> 
     </span>
     <span class='ocr_line' id='line_1_22' title="bbox 1071 2571 2064 2672; baseline 0.004 -32"><span class='ocrx_word' id='word_1_253' title='bbox 1071 2571 1178 2641; x_wconf 86' lang='lat' dir='ltr'><strong>niunt</strong></span> <span class='ocrx_word' id='word_1_254' title='bbox 1209 2573 1329 2643; x_wconf 89' lang='lat' dir='ltr'><strong>omnia</strong></span> <span class='ocrx_word' id='word_1_255' title='bbox 1352 2572 1491 2644; x_wconf 87' lang='lat' dir='ltr'><strong>delicta.</strong></span> <span class='ocrx_word' id='word_1_256' title='bbox 1549 2575 1588 2646; x_wconf 87' lang='lat' dir='ltr'><strong>si</strong></span> <span class='ocrx_word' id='word_1_257' title='bbox 1610 2578 1691 2670; x_wconf 90' lang='lat' dir='ltr'><strong>quis</strong></span> <span class='ocrx_word' id='word_1_258' title='bbox 1709 2579 1748 2648; x_wconf 92' lang='lat' dir='ltr'><strong>in</strong></span> <span class='ocrx_word' id='word_1_259' title='bbox 1779 2581 1933 2672; x_wconf 88' lang='lat' dir='ltr'><strong>templo,</strong></span> <span class='ocrx_word' id='word_1_260' title='bbox 1961 2591 1999 2648; x_wconf 89' lang='lat' dir='ltr'><strong>ut</strong></span> <span class='ocrx_word' id='word_1_261' title='bbox 2025 2578 2064 2644; x_wconf 90' lang='lat' dir='ltr'><strong>in</strong></span> 
     </span>
     <span class='ocr_line' id='line_1_23' title="bbox 1070 2673 2066 2776; baseline 0.007 -36"><span class='ocrx_word' id='word_1_262' title='bbox 1070 2695 1250 2763; x_wconf 89' lang='lat' dir='ltr'><strong>caupona,</strong></span> <span class='ocrx_word' id='word_1_263' title='bbox 1272 2673 1544 2761; x_wconf 77' lang='lat' dir='ltr'><strong>vociferaretur,</strong></span> <span class='ocrx_word' id='word_1_264' title='bbox 1576 2701 1651 2748; x_wconf 91' lang='lat' dir='ltr'><strong>uon</strong></span> <span class='ocrx_word' id='word_1_265' title='bbox 1672 2679 1776 2750; x_wconf 90' lang='lat' dir='ltr'><strong>illurn</strong></span> <span class='ocrx_word' id='word_1_266' title='bbox 1798 2683 1943 2776; x_wconf 87' lang='lat' dir='ltr'><strong>quidem</strong></span> <span class='ocrx_word' id='word_1_267' title='bbox 1971 2681 2066 2769; x_wconf 84' lang='lat' dir='ltr'><strong>leges</strong></span> 
     </span>
     <span class='ocr_line' id='line_1_24' title="bbox 1070 2774 2064 2873; baseline 0.007 -31"><span class='ocrx_word' id='word_1_268' title='bbox 1070 2775 1117 2843; x_wconf 91' lang='lat' dir='ltr'><strong>ad</strong></span> <span class='ocrx_word' id='word_1_269' title='bbox 1130 2774 1346 2866; x_wconf 87' lang='lat' dir='ltr'><strong>supplicium</strong></span> <span class='ocrx_word' id='word_1_270' title='bbox 1360 2792 1543 2868; x_wconf 86' lang='lat' dir='ltr'><strong>raperent,</strong></span> <span class='ocrx_word' id='word_1_271' title='bbox 1568 2782 1629 2850; x_wconf 87' lang='lat' dir='ltr'><strong>sed</strong></span> <span class='ocrx_word' id='word_1_272' title='bbox 1643 2782 1674 2850; x_wconf 87' lang='lat' dir='ltr'><strong>si</strong></span> <span class='ocrx_word' id='word_1_273' title='bbox 1692 2783 1886 2873; x_wconf 81' lang='lat' dir='ltr'><strong>petulantia</strong></span> <span class='ocrx_word' id='word_1_274' title='bbox 1903 2781 2064 2852; x_wconf 87' lang='lat' dir='ltr'><strong>animad-</strong></span> 
     </span>
     <span class='ocr_line' id='line_1_25' title="bbox 878 2878 2064 2991; baseline 0.009 -49"><span class='ocrx_word' id='word_1_275' title='bbox 878 2931 911 2991; x_wconf 45' lang='lat'><strong>3·</strong></span> <span class='ocrx_word' id='word_1_276' title='bbox 928 2917 1018 2986; x_wconf 38' lang='lat' dir='ltr'><strong>mm·</strong></span> <span class='ocrx_word' id='word_1_277' title='bbox 1071 2888 1284 2963; x_wconf 86' lang='lat' dir='ltr'><strong>verteretur,</strong></span> <span class='ocrx_word' id='word_1_278' title='bbox 1318 2878 1509 2950; x_wconf 83' lang='lat' dir='ltr'><strong>severitate</strong></span> <span class='ocrx_word' id='word_1_279' title='bbox 1544 2881 1767 2972; x_wconf 77' lang='lat' dir='ltr'><strong>magistratus</strong></span> <span class='ocrx_word' id='word_1_280' title='bbox 1795 2885 1931 2955; x_wconf 86' lang='lat' dir='ltr'><strong>duriter</strong></span> <span class='ocrx_word' id='word_1_281' title='bbox 1958 2883 2064 2954; x_wconf 89' lang='lat' dir='ltr'><strong>casti-</strong></span> 
     </span>
     <span class='ocr_line' id='line_1_26' title="bbox 843 2977 2064 3072; baseline 0.01 -30"><span class='ocrx_word' id='word_1_282' title='bbox 843 3009 1015 3042; x_wconf 53' lang='grc' dir='ltr'><em>...νυ</em></span> <span class='ocrx_word' id='word_1_283' title='bbox 1071 2980 1208 3067; x_wconf 85' lang='lat' dir='ltr'><strong>gandus</strong></span> <span class='ocrx_word' id='word_1_284' title='bbox 1224 2991 1323 3053; x_wconf 87' lang='lat' dir='ltr'><strong>esset.</strong></span> <span class='ocrx_word' id='word_1_285' title='bbox 1373 2977 1492 3050; x_wconf 88' lang='lat' dir='ltr'><strong>Parcit</strong></span> <span class='ocrx_word' id='word_1_286' title='bbox 1513 2980 1624 3072; x_wconf 89' lang='lat' dir='ltr'><strong>igitur</strong></span> <span class='ocrx_word' id='word_1_287' title='bbox 1647 2980 1825 3056; x_wconf 85' lang='lat' dir='ltr'><strong>Ecclesiae</strong></span> <span class='ocrx_word' id='word_1_288' title='bbox 1848 2984 1916 3057; x_wconf 88' lang='lat' dir='ltr'><strong>Dei</strong></span> <span class='ocrx_word' id='word_1_289' title='bbox 1924 3040 1935 3071; x_wconf 93' lang='lat'><strong>,</strong></span> <span class='ocrx_word' id='word_1_290' title='bbox 1960 2980 2064 3055; x_wconf 89' lang='lat' dir='ltr'><strong>scho-</strong></span> 
     </span>
     <span class='ocr_line' id='line_1_27' title="bbox 1072 3081 2063 3182; baseline 0.005 -33"><span class='ocrx_word' id='word_1_291' title='bbox 1072 3081 1144 3163; x_wconf 87' lang='lat' dir='ltr'><strong>lae,</strong></span> <span class='ocrx_word' id='word_1_292' title='bbox 1167 3092 1221 3152; x_wconf 91' lang='lat' dir='ltr'><strong>tot</strong></span> <span class='ocrx_word' id='word_1_293' title='bbox 1233 3103 1357 3150; x_wconf 91' lang='lat' dir='ltr'><strong>senum</strong></span> <span class='ocrx_word' id='word_1_294' title='bbox 1375 3103 1414 3150; x_wconf 90' lang='lat' dir='ltr'><strong>ac</strong></span> <span class='ocrx_word' id='word_1_295' title='bbox 1428 3094 1672 3154; x_wconf 87' lang='lat' dir='ltr'><strong>matronarum</strong></span> <span class='ocrx_word' id='word_1_296' title='bbox 1697 3087 1965 3182; x_wconf 87' lang='lat' dir='ltr'><strong>tranquillitati,</strong></span> <span class='ocrx_word' id='word_1_297' title='bbox 1992 3087 2063 3155; x_wconf 83' lang='lat' dir='ltr'><strong>irnn</strong></span> 
     </span>
     <span class='ocr_line' id='line_1_28' title="bbox 158 3177 2062 3279; baseline 0.007 -35"><span class='ocrx_word' id='word_1_298' title='bbox 158 3217 162 3224; x_wconf 93' lang='lat'><em>·</em></span> <span class='ocrx_word' id='word_1_299' title='bbox 1072 3181 1195 3251; x_wconf 90' lang='lat' dir='ltr'><strong>oculos</strong></span> <span class='ocrx_word' id='word_1_300' title='bbox 1214 3193 1249 3251; x_wconf 88' lang='lat' dir='ltr'><strong>et</strong></span> <span class='ocrx_word' id='word_1_301' title='bbox 1271 3180 1401 3250; x_wconf 89' lang='lat' dir='ltr'><strong>iudicia</strong></span> <span class='ocrx_word' id='word_1_302' title='bbox 1416 3177 1484 3251; x_wconf 88' lang='lat' dir='ltr'><strong>Dei</strong></span> <span class='ocrx_word' id='word_1_303' title='bbox 1498 3182 1592 3253; x_wconf 91' lang='lat' dir='ltr'><strong>inter</strong></span> <span class='ocrx_word' id='word_1_304' title='bbox 1606 3207 1668 3252; x_wconf 88' lang='lat' dir='ltr'><strong>vos</strong></span> <span class='ocrx_word' id='word_1_305' title='bbox 1684 3179 1895 3272; x_wconf 88' lang='lat' dir='ltr'><strong>habitantis,</strong></span> <span class='ocrx_word' id='word_1_306' title='bbox 1920 3189 2062 3279; x_wconf 90' lang='lat' dir='ltr'><strong>piorum</strong></span> 
     </span>
     <span class='ocr_line' id='line_1_29' title="bbox 91 3265 2065 3408; baseline 0.005 -62"><span class='ocrx_word' id='word_1_307' title='bbox 91 3271 438 3404; x_wconf 49' lang='lat' dir='ltr'><strong>&amp;ppgpogffbiffpe¹2:i·</strong></span> <span class='ocrx_word' id='word_1_308' title='bbox 456 3269 633 3395; x_wconf 45' lang='lat' dir='ltr'><strong>mffiho&#39;ssq</strong></span> <span class='ocrx_word' id='word_1_309' title='bbox 645 3265 1023 3408; x_wconf 45' lang='lat' dir='ltr'><strong>&#39;goffieffgsun&#39;snffioffi</strong></span> <span class='ocrx_word' id='word_1_310' title='bbox 1072 3282 1279 3372; x_wconf 87' lang='lat' dir='ltr'><strong>angelorum</strong></span> <span class='ocrx_word' id='word_1_311' title='bbox 1299 3295 1335 3352; x_wconf 86' lang='lat' dir='ltr'><strong>et</strong></span> <span class='ocrx_word' id='word_1_312' title='bbox 1355 3283 1517 3353; x_wconf 80' lang='lat' dir='ltr'><strong>uranium</strong></span> <span class='ocrx_word' id='word_1_313' title='bbox 1535 3278 1766 3356; x_wconf 90' lang='lat' dir='ltr'><strong>honestorum</strong></span> <span class='ocrx_word' id='word_1_314' title='bbox 1791 3283 1978 3358; x_wconf 90' lang='lat' dir='ltr'><strong>hominnm</strong></span> <span class='ocrx_word' id='word_1_315' title='bbox 2005 3311 2065 3356; x_wconf 84' lang='lat' dir='ltr'><strong>ve·</strong></span> 
     </span>
    </p>
   </div>
   <div class='ocr_carea' id='block_1_3' title="bbox 124 3376 2064 3578">
    <p class='ocr_par' dir='ltr' id='par_1_3' title="bbox 124 3376 2064 3578">
     <span class='ocr_line' id='line_1_30' title="bbox 124 3376 2064 3496; baseline -0.006 -30"><span class='ocrx_word' id='word_1_316' title='bbox 124 3415 216 3489; x_wconf 72' lang='lat' dir='ltr'><strong>,tyto</strong></span> <span class='ocrx_word' id='word_1_317' title='bbox 234 3413 340 3496; x_wconf 70' lang='lat' dir='ltr'><strong>prodit.</strong></span> <span class='ocrx_word' id='word_1_318' title='bbox 364 3409 411 3463; x_wconf 72' lang='lat' dir='ltr'><strong>sed</strong></span> <span class='ocrx_word' id='word_1_319' title='bbox 431 3409 590 3463; x_wconf 70' lang='grc' dir='ltr'><strong><em>Μιιιιιιιοη</em></strong></span> <span class='ocrx_word' id='word_1_320' title='bbox 606 3407 686 3486; x_wconf 55' lang='lat' dir='ltr'><strong>euris</strong></span> <span class='ocrx_word' id='word_1_321' title='bbox 705 3425 734 3459; x_wconf 69' lang='grc' dir='ltr'>κ</span> <span class='ocrx_word' id='word_1_322' title='bbox 754 3405 894 3478; x_wconf 61' lang='lat' dir='ltr'><strong>pemmo.</strong></span> <span class='ocrx_word' id='word_1_323' title='bbox 911 3412 953 3458; x_wconf 74' lang='lat' dir='ltr'><strong>ut</strong></span> <span class='ocrx_word' id='word_1_324' title='bbox 971 3421 1022 3458; x_wconf 64' lang='lat' dir='ltr'><strong>au.</strong></span> <span class='ocrx_word' id='word_1_325' title='bbox 1073 3381 1242 3468; x_wconf 82' lang='lat' dir='ltr'><strong>reamini,</strong></span> <span class='ocrx_word' id='word_1_326' title='bbox 1272 3393 1306 3452; x_wconf 89' lang='lat' dir='ltr'><strong>et</strong></span> <span class='ocrx_word' id='word_1_327' title='bbox 1329 3376 1395 3450; x_wconf 90' lang='lat' dir='ltr'><strong>hac</strong></span> <span class='ocrx_word' id='word_1_328' title='bbox 1412 3386 1609 3454; x_wconf 87' lang='lat' dir='ltr'><strong>reverentia</strong></span> <span class='ocrx_word' id='word_1_329' title='bbox 1631 3379 1794 3458; x_wconf 88' lang='lat' dir='ltr'><strong>cohibete</strong></span> <span class='ocrx_word' id='word_1_330' title='bbox 1812 3389 1962 3478; x_wconf 86' lang='lat' dir='ltr'><strong>impetus</strong></span> <span class='ocrx_word' id='word_1_331' title='bbox 1984 3387 2064 3456; x_wconf 89' lang='lat' dir='ltr'><strong>ani-</strong></span> 
     </span>
     <span class='ocr_line' id='line_1_31' title="bbox 126 3475 2064 3578; baseline -0.001 -19"><span class='ocrx_word' id='word_1_332' title='bbox 126 3475 519 3550; x_wconf 60' lang='lat' dir='ltr'><strong>commeruerant</strong></span> <span class='ocrx_word' id='word_1_333' title='bbox 537 3475 736 3532; x_wconf 64' lang='lat' dir='ltr'><strong>tamennon.</strong></span> <span class='ocrx_word' id='word_1_334' title='bbox 1057 3499 1231 3568; x_wconf 85' lang='lat' dir='ltr'><strong>morum,</strong></span> <span class='ocrx_word' id='word_1_335' title='bbox 1262 3495 1297 3552; x_wconf 90' lang='lat' dir='ltr'><strong>et</strong></span> <span class='ocrx_word' id='word_1_336' title='bbox 1316 3505 1432 3553; x_wconf 89' lang='lat' dir='ltr'><strong>mores</strong></span> <span class='ocrx_word' id='word_1_337' title='bbox 1457 3485 1663 3576; x_wconf 89' lang='lat' dir='ltr'><strong>diligentius</strong></span> <span class='ocrx_word' id='word_1_338' title='bbox 1686 3489 1807 3578; x_wconf 87' lang='lat' dir='ltr'><strong>regite.</strong></span> <span class='ocrx_word' id='word_1_339' title='bbox 1856 3487 1946 3578; x_wconf 86' lang='lat' dir='ltr'><strong>Nam</strong></span> <span class='ocrx_word' id='word_1_340' title='bbox 1969 3483 2064 3558; x_wconf 90' lang='lat' dir='ltr'><strong>haud</strong></span> 
     </span>
    </p>
   </div>
   <div class='ocr_carea' id='block_1_4' title="bbox 26 2705 1006 2728">
    <p class='ocr_par' dir='ltr' id='par_1_4' title="bbox 26 2705 1006 2728">
     <span class='ocr_line' id='line_1_32' title="bbox 26 2705 1006 2728; baseline 0.002 -2"><span class='ocrx_word' id='word_1_341' title='bbox 26 2707 255 2728; x_wconf 64' lang='grc' dir='ltr'><em>Μ</em></span> <span class='ocrx_word' id='word_1_342' title='bbox 820 2705 1006 2720; x_wconf 59' lang='lat' dir='ltr'>&#39;‘m‘&#39;-</span> 
     </span>
    </p>
   </div>
   <div class='ocr_carea' id='block_1_5' title="bbox 23 2919 224 3000">
    <p class='ocr_par' dir='ltr' id='par_1_5' title="bbox 23 2919 224 3000">
     <span class='ocr_line' id='line_1_33' title="bbox 23 2919 224 3000; baseline -0.02 0"><span class='ocrx_word' id='word_1_343' title='bbox 23 2927 90 3000; x_wconf 79' lang='lat' dir='ltr'><strong>No.</strong></span> <span class='ocrx_word' id='word_1_344' title='bbox 106 2919 224 2996; x_wconf 79' lang='lat'><strong>5145.</strong></span> 
     </span>
    </p>
   </div>
   <div class='ocr_carea' id='block_1_6' title="bbox 28 3021 207 3054">
    <p class='ocr_par' dir='ltr' id='par_1_6' title="bbox 28 3021 207 3054">
     <span class='ocr_line' id='line_1_34' title="bbox 28 3021 207 3054; baseline -0.034 0"><span class='ocrx_word' id='word_1_345' title='bbox 28 3021 207 3054; x_wconf 54' lang='lat' dir='ltr'><em>w</em></span> 
     </span>
    </p>
   </div>
   <div class='ocr_carea' id='block_1_7' title="bbox 405 3109 642 3200">
    <p class='ocr_par' dir='ltr' id='par_1_7' title="bbox 405 3109 642 3200">
     <span class='ocr_line' id='line_1_35' title="bbox 405 3109 642 3200; baseline -0.008 0"><span class='ocrx_word' id='word_1_346' title='bbox 405 3109 642 3200; x_wconf 79' lang='lat' dir='ltr'><strong>Studiosis.</strong></span> 
     </span>
    </p>
   </div>
   <div class='ocr_carea' id='block_1_8' title="bbox 61 3623 984 3725">
    <p class='ocr_par' dir='ltr' id='par_1_8' title="bbox 61 3623 984 3725">
     <span class='ocr_line' id='line_1_36' title="bbox 61 3623 984 3725; baseline -0.021 -8"><span class='ocrx_word' id='word_1_347' title='bbox 61 3637 211 3718; x_wconf 81' lang='lat' dir='ltr'><strong>Rector</strong></span> <span class='ocrx_word' id='word_1_348' title='bbox 235 3626 456 3703; x_wconf 80' lang='lat' dir='ltr'><strong>Academiae</strong></span> <span class='ocrx_word' id='word_1_349' title='bbox 481 3623 717 3725; x_wconf 84' lang='lat' dir='ltr'><strong>Georgius</strong></span> <span class='ocrx_word' id='word_1_350' title='bbox 740 3623 799 3700; x_wconf 90' lang='lat' dir='ltr'><em>M</em></span> <span class='ocrx_word' id='word_1_351' title='bbox 802 3627 912 3699; x_wconf 80' lang='lat' dir='ltr'><strong>uior&#39;</strong></span> <span class='ocrx_word' id='word_1_352' title='bbox 928 3623 984 3704; x_wconf 90' lang='lat' dir='ltr'><strong>D.</strong></span> 
     </span>
    </p>
   </div>
   <div class='ocr_carea' id='block_1_9' title="bbox 12 3775 1024 5614">
    <p class='ocr_par' dir='ltr' id='par_1_9' title="bbox 12 3775 1024 5614">
     <span class='ocr_line' id='line_1_37' title="bbox 12 3775 1023 3874; baseline -0.018 -6"><span class='ocrx_word' id='word_1_353' title='bbox 12 3781 108 3874; x_wconf 83' lang='lat' dir='ltr'><strong>Etsi</strong></span> <span class='ocrx_word' id='word_1_354' title='bbox 140 3781 239 3860; x_wconf 92' lang='lat' dir='ltr'><strong>nihil</strong></span> <span class='ocrx_word' id='word_1_355' title='bbox 262 3800 313 3857; x_wconf 88' lang='lat' dir='ltr'><strong>est</strong></span> <span class='ocrx_word' id='word_1_356' title='bbox 339 3781 516 3854; x_wconf 85' lang='lat' dir='ltr'><strong>infirmius</strong></span> <span class='ocrx_word' id='word_1_357' title='bbox 539 3795 575 3853; x_wconf 89' lang='lat' dir='ltr'><strong>et</strong></span> <span class='ocrx_word' id='word_1_358' title='bbox 597 3779 758 3870; x_wconf 81' lang='lat' dir='ltr'><strong>fragilius</strong></span> <span class='ocrx_word' id='word_1_359' title='bbox 780 3775 937 3852; x_wconf 86' lang='lat' dir='ltr'><strong>humana</strong></span> <span class='ocrx_word' id='word_1_360' title='bbox 958 3803 1023 3850; x_wconf 91' lang='lat' dir='ltr'><strong>na-</strong></span> 
     </span>
     <span class='ocr_line' id='line_1_38' title="bbox 14 3879 1023 3982; baseline -0.023 -7"><span class='ocrx_word' id='word_1_361' title='bbox 14 3919 124 3982; x_wconf 89' lang='lat' dir='ltr'><strong>tura,</strong></span> <span class='ocrx_word' id='word_1_362' title='bbox 170 3901 290 3962; x_wconf 90' lang='lat' dir='ltr'><strong>tamen</strong></span> <span class='ocrx_word' id='word_1_363' title='bbox 321 3879 390 3956; x_wconf 87' lang='lat' dir='ltr'><strong>hoc</strong></span> <span class='ocrx_word' id='word_1_364' title='bbox 424 3885 529 3954; x_wconf 88' lang='lat' dir='ltr'><strong>decus</strong></span> <span class='ocrx_word' id='word_1_365' title='bbox 564 3883 689 3973; x_wconf 88' lang='lat' dir='ltr'><strong>ingens</strong></span> <span class='ocrx_word' id='word_1_366' title='bbox 720 3895 756 3953; x_wconf 90' lang='lat' dir='ltr'><strong>et</strong></span> <span class='ocrx_word' id='word_1_367' title='bbox 785 3881 1023 3952; x_wconf 84' lang='lat' dir='ltr'><strong>inenarrabile</strong></span> 
     </span>
     <span class='ocr_line' id='line_1_39' title="bbox 16 3979 1022 4092; baseline -0.02 -20"><span class='ocrx_word' id='word_1_368' title='bbox 16 3993 292 4092; x_wconf 87' lang='lat' dir='ltr'><strong>agnoscendum</strong></span> <span class='ocrx_word' id='word_1_369' title='bbox 310 4000 380 4071; x_wconf 89' lang='lat' dir='ltr'><strong>est,</strong></span> <span class='ocrx_word' id='word_1_370' title='bbox 404 3987 501 4080; x_wconf 90' lang='lat' dir='ltr'><strong>quod</strong></span> <span class='ocrx_word' id='word_1_371' title='bbox 514 3981 611 4055; x_wconf 88' lang='lat' dir='ltr'><strong>Deus</strong></span> <span class='ocrx_word' id='word_1_372' title='bbox 627 3984 696 4053; x_wconf 89' lang='lat' dir='ltr'><strong>sibi</strong></span> <span class='ocrx_word' id='word_1_373' title='bbox 711 3996 889 4054; x_wconf 86' lang='lat' dir='ltr'><strong>aeternam</strong></span> <span class='ocrx_word' id='word_1_374' title='bbox 897 3979 1022 4054; x_wconf 86' lang='lat' dir='ltr'><strong>Eccle-</strong></span> 
     </span>
     <span class='ocr_line' id='line_1_40' title="bbox 20 4079 1024 4182; baseline -0.017 -10"><span class='ocrx_word' id='word_1_375' title='bbox 20 4105 110 4172; x_wconf 88' lang='lat' dir='ltr'><strong>siam</strong></span> <span class='ocrx_word' id='word_1_376' title='bbox 135 4092 276 4182; x_wconf 89' lang='lat' dir='ltr'><strong>colligit</strong></span> <span class='ocrx_word' id='word_1_377' title='bbox 299 4091 338 4159; x_wconf 90' lang='lat' dir='ltr'><strong>in</strong></span> <span class='ocrx_word' id='word_1_378' title='bbox 358 4109 486 4178; x_wconf 85' lang='lat' dir='ltr'><strong>genere</strong></span> <span class='ocrx_word' id='word_1_379' title='bbox 509 4081 688 4169; x_wconf 87' lang='lat' dir='ltr'><strong>humano,</strong></span> <span class='ocrx_word' id='word_1_380' title='bbox 722 4097 757 4155; x_wconf 87' lang='lat' dir='ltr'><strong>ct</strong></span> <span class='ocrx_word' id='word_1_381' title='bbox 777 4079 861 4155; x_wconf 90' lang='lat' dir='ltr'><strong>huic</strong></span> <span class='ocrx_word' id='word_1_382' title='bbox 885 4106 1024 4177; x_wconf 83' lang='lat' dir='ltr'><strong>semper</strong></span> 
     </span>
     <span class='ocr_line' id='line_1_41' title="bbox 21 4179 1022 4283; baseline -0.018 -11"><span class='ocrx_word' id='word_1_383' title='bbox 21 4197 194 4272; x_wconf 82' lang='lat' dir='ltr'><strong>attribuit</strong></span> <span class='ocrx_word' id='word_1_384' title='bbox 217 4194 335 4264; x_wconf 87' lang='lat' dir='ltr'><strong>sedern</strong></span> <span class='ocrx_word' id='word_1_385' title='bbox 358 4188 514 4283; x_wconf 83' lang='lat' dir='ltr'><strong>aliquant</strong></span> <span class='ocrx_word' id='word_1_386' title='bbox 540 4187 743 4272; x_wconf 88' lang='lat' dir='ltr'><strong>doctrinae,</strong></span> <span class='ocrx_word' id='word_1_387' title='bbox 777 4209 840 4256; x_wconf 87' lang='lat' dir='ltr'><strong>seu</strong></span> <span class='ocrx_word' id='word_1_388' title='bbox 864 4179 1022 4256; x_wconf 88' lang='lat' dir='ltr'><strong>scholam</strong></span> 
     </span>
     <span class='ocr_line' id='line_1_42' title="bbox 16 4282 1022 4382; baseline -0.017 -6"><span class='ocrx_word' id='word_1_389' title='bbox 16 4313 215 4376; x_wconf 86' lang='lat' dir='ltr'><strong>sonantem</strong></span> <span class='ocrx_word' id='word_1_390' title='bbox 237 4289 472 4382; x_wconf 83' lang='lat' dir='ltr'><strong>Evangelium</strong></span> <span class='ocrx_word' id='word_1_391' title='bbox 494 4301 529 4359; x_wconf 89' lang='lat' dir='ltr'><strong>ct</strong></span> <span class='ocrx_word' id='word_1_392' title='bbox 550 4289 637 4359; x_wconf 86' lang='lat' dir='ltr'><strong>alias</strong></span> <span class='ocrx_word' id='word_1_393' title='bbox 658 4282 824 4358; x_wconf 89' lang='lat' dir='ltr'><strong>honestas</strong></span> <span class='ocrx_word' id='word_1_394' title='bbox 837 4300 929 4358; x_wconf 87' lang='lat' dir='ltr'><strong>artes</strong></span> <span class='ocrx_word' id='word_1_395' title='bbox 951 4283 1022 4360; x_wconf 80' lang='lat' dir='ltr'><strong>Ec-</strong></span> 
     </span>
     <span class='ocr_line' id='line_1_43' title="bbox 14 4387 1023 4478; baseline -0.016 -2"><span class='ocrx_word' id='word_1_396' title='bbox 14 4405 151 4478; x_wconf 87' lang='lat' dir='ltr'><strong>clesiac</strong></span> <span class='ocrx_word' id='word_1_397' title='bbox 169 4395 289 4470; x_wconf 86' lang='lat' dir='ltr'><strong>utiles.</strong></span> <span class='ocrx_word' id='word_1_398' title='bbox 339 4392 380 4466; x_wconf 89' lang='lat' dir='ltr'><strong>Si</strong></span> <span class='ocrx_word' id='word_1_399' title='bbox 395 4388 488 4462; x_wconf 90' lang='lat' dir='ltr'><strong>haue</strong></span> <span class='ocrx_word' id='word_1_400' title='bbox 503 4387 571 4461; x_wconf 90' lang='lat' dir='ltr'><strong>Dei</strong></span> <span class='ocrx_word' id='word_1_401' title='bbox 588 4389 804 4461; x_wconf 88' lang='lat' dir='ltr'><strong>voluntatem</strong></span> <span class='ocrx_word' id='word_1_402' title='bbox 820 4389 1023 4460; x_wconf 84' lang='lat' dir='ltr'><strong>cousidere-</strong></span> 
     </span>
     <span class='ocr_line' id='line_1_44' title="bbox 14 4489 1024 4592; baseline -0.021 -12"><span class='ocrx_word' id='word_1_403' title='bbox 14 4527 166 4588; x_wconf 89' lang='lat' dir='ltr'><strong>remus,</strong></span> <span class='ocrx_word' id='word_1_404' title='bbox 193 4496 257 4592; x_wconf 88' lang='lat' dir='ltr'><strong>qui</strong></span> <span class='ocrx_word' id='word_1_405' title='bbox 278 4515 345 4564; x_wconf 87' lang='lat' dir='ltr'><strong>uos</strong></span> <span class='ocrx_word' id='word_1_406' title='bbox 366 4489 434 4564; x_wconf 87' lang='lat' dir='ltr'><strong>hoc</strong></span> <span class='ocrx_word' id='word_1_407' title='bbox 450 4494 620 4563; x_wconf 90' lang='lat' dir='ltr'><strong>modoad</strong></span> <span class='ocrx_word' id='word_1_408' title='bbox 642 4505 818 4561; x_wconf 87' lang='lat' dir='ltr'><strong>aeternam</strong></span> <span class='ocrx_word' id='word_1_409' title='bbox 835 4503 1024 4562; x_wconf 88' lang='lat' dir='ltr'><strong>consuetu·</strong></span> 
     </span>
     <span class='ocr_line' id='line_1_45' title="bbox 14 4587 1022 4680; baseline -0.018 0"><span class='ocrx_word' id='word_1_410' title='bbox 14 4611 144 4680; x_wconf 88' lang='lat' dir='ltr'><strong>dinem</strong></span> <span class='ocrx_word' id='word_1_411' title='bbox 178 4622 280 4670; x_wconf 90' lang='lat' dir='ltr'><strong>suam</strong></span> <span class='ocrx_word' id='word_1_412' title='bbox 306 4607 423 4666; x_wconf 86' lang='lat' dir='ltr'><strong>vocat:</strong></span> <span class='ocrx_word' id='word_1_413' title='bbox 456 4594 592 4664; x_wconf 88' lang='lat' dir='ltr'><strong>maiore</strong></span> <span class='ocrx_word' id='word_1_414' title='bbox 623 4593 742 4664; x_wconf 89' lang='lat' dir='ltr'><strong>studio</strong></span> <span class='ocrx_word' id='word_1_415' title='bbox 769 4603 806 4662; x_wconf 92' lang='lat' dir='ltr'><strong>et</strong></span> <span class='ocrx_word' id='word_1_416' title='bbox 829 4587 1022 4664; x_wconf 87' lang='lat' dir='ltr'><strong>Ecclesiam</strong></span> 
     </span>
     <span class='ocr_line' id='line_1_46' title="bbox 14 4694 1023 4784; baseline -0.022 0"><span class='ocrx_word' id='word_1_417' title='bbox 14 4708 82 4784; x_wconf 88' lang='lat' dir='ltr'><strong>Dei</strong></span> <span class='ocrx_word' id='word_1_418' title='bbox 102 4720 143 4778; x_wconf 88' lang='lat' dir='ltr'><strong>et</strong></span> <span class='ocrx_word' id='word_1_419' title='bbox 161 4697 367 4774; x_wconf 85' lang='lat' dir='ltr'><strong>scholamm</strong></span> <span class='ocrx_word' id='word_1_420' title='bbox 382 4694 562 4766; x_wconf 89' lang='lat' dir='ltr'><strong>domicilia</strong></span> <span class='ocrx_word' id='word_1_421' title='bbox 576 4717 842 4778; x_wconf 78' lang='lat' dir='ltr'><strong>veneraremur,</strong></span> <span class='ocrx_word' id='word_1_422' title='bbox 866 4707 907 4765; x_wconf 94' lang='lat' dir='ltr'><strong>ut</strong></span> <span class='ocrx_word' id='word_1_423' title='bbox 930 4705 1023 4764; x_wconf 86' lang='lat' dir='ltr'><strong>certe</strong></span> 
     </span>
     <span class='ocr_line' id='line_1_47' title="bbox 14 4792 1024 4889; baseline -0.019 -5"><span class='ocrx_word' id='word_1_424' title='bbox 14 4812 93 4884; x_wconf 82' lang='lat' dir='ltr'><strong>ieri</strong></span> <span class='ocrx_word' id='word_1_425' title='bbox 110 4805 277 4880; x_wconf 86' lang='lat' dir='ltr'><strong>deberet.</strong></span> <span class='ocrx_word' id='word_1_426' title='bbox 327 4797 398 4870; x_wconf 88' lang='lat' dir='ltr'><strong>Sed</strong></span> <span class='ocrx_word' id='word_1_427' title='bbox 417 4819 558 4889; x_wconf 87' lang='lat' dir='ltr'><strong>semper</strong></span> <span class='ocrx_word' id='word_1_428' title='bbox 577 4795 740 4866; x_wconf 88' lang='lat' dir='ltr'><strong>diabolus</strong></span> <span class='ocrx_word' id='word_1_429' title='bbox 760 4795 845 4866; x_wconf 90' lang='lat' dir='ltr'><strong>odio</strong></span> <span class='ocrx_word' id='word_1_430' title='bbox 868 4794 934 4864; x_wconf 81' lang='lat' dir='ltr'><strong>filii</strong></span> <span class='ocrx_word' id='word_1_431' title='bbox 954 4792 1024 4865; x_wconf 90' lang='lat' dir='ltr'><strong>Dei</strong></span> 
     </span>
     <span class='ocr_line' id='line_1_48' title="bbox 14 4895 1023 4992; baseline -0.02 -4"><span class='ocrx_word' id='word_1_432' title='bbox 14 4915 151 4986; x_wconf 84' lang='lat' dir='ltr'><strong>excitat</strong></span> <span class='ocrx_word' id='word_1_433' title='bbox 173 4901 337 4976; x_wconf 86' lang='lat' dir='ltr'><strong>homines</strong></span> <span class='ocrx_word' id='word_1_434' title='bbox 360 4899 507 4992; x_wconf 87' lang='lat' dir='ltr'><strong>impios,</strong></span> <span class='ocrx_word' id='word_1_435' title='bbox 532 4912 572 4968; x_wconf 90' lang='lat' dir='ltr'><strong>ut</strong></span> <span class='ocrx_word' id='word_1_436' title='bbox 593 4921 731 4988; x_wconf 87' lang='lat' dir='ltr'><strong>pacem,</strong></span> <span class='ocrx_word' id='word_1_437' title='bbox 757 4895 893 4982; x_wconf 89' lang='lat' dir='ltr'><strong>studia,</strong></span> <span class='ocrx_word' id='word_1_438' title='bbox 916 4895 1023 4968; x_wconf 88' lang='lat' dir='ltr'><strong>disci·</strong></span> 
     </span>
     <span class='ocr_line' id='line_1_49' title="bbox 14 4995 1022 5112; baseline -0.019 -25"><span class='ocrx_word' id='word_1_439' title='bbox 14 5017 162 5112; x_wconf 84' lang='lat' dir='ltr'><strong>plinarn</strong></span> <span class='ocrx_word' id='word_1_440' title='bbox 201 5000 380 5074; x_wconf 86' lang='lat' dir='ltr'><strong>Ecclesiae</strong></span> <span class='ocrx_word' id='word_1_441' title='bbox 412 5013 449 5068; x_wconf 87' lang='lat' dir='ltr'><strong>et</strong></span> <span class='ocrx_word' id='word_1_442' title='bbox 467 4995 678 5070; x_wconf 39' lang='lat' dir='ltr'><strong>,scholarum</strong></span> <span class='ocrx_word' id='word_1_443' title='bbox 710 4997 904 5088; x_wconf 89' lang='lat' dir='ltr'><strong>perturbet.</strong></span> <span class='ocrx_word' id='word_1_444' title='bbox 969 4995 1022 5068; x_wconf 91' lang='lat' dir='ltr'><strong>lta</strong></span> 
     </span>
     <span class='ocr_line' id='line_1_50' title="bbox 14 5096 1023 5196; baseline -0.021 -6"><span class='ocrx_word' id='word_1_445' title='bbox 14 5141 116 5190; x_wconf 91' lang='lat' dir='ltr'><strong>nunc</strong></span> <span class='ocrx_word' id='word_1_446' title='bbox 134 5119 285 5182; x_wconf 86' lang='lat' dir='ltr'><strong>nostrae</strong></span> <span class='ocrx_word' id='word_1_447' title='bbox 298 5101 462 5196; x_wconf 89' lang='lat' dir='ltr'><strong>politiae,</strong></span> <span class='ocrx_word' id='word_1_448' title='bbox 486 5124 594 5194; x_wconf 89' lang='lat' dir='ltr'><strong>quae,</strong></span> <span class='ocrx_word' id='word_1_449' title='bbox 617 5098 731 5192; x_wconf 89' lang='lat' dir='ltr'><strong>qualis</strong></span> <span class='ocrx_word' id='word_1_450' title='bbox 746 5096 861 5193; x_wconf 85' lang='lat' dir='ltr'><strong>qualis</strong></span> <span class='ocrx_word' id='word_1_451' title='bbox 874 5111 944 5184; x_wconf 90' lang='lat' dir='ltr'><strong>est,</strong></span> <span class='ocrx_word' id='word_1_452' title='bbox 968 5111 1023 5170; x_wconf 91' lang='lat' dir='ltr'><strong>ta-</strong></span> 
     </span>
     <span class='ocr_line' id='line_1_51' title="bbox 15 5197 1021 5298; baseline -0.021 -7"><span class='ocrx_word' id='word_1_453' title='bbox 15 5243 99 5290; x_wconf 87' lang='lat' dir='ltr'><strong>men</strong></span> <span class='ocrx_word' id='word_1_454' title='bbox 123 5207 328 5298; x_wconf 89' lang='lat' dir='ltr'><strong>hospitium</strong></span> <span class='ocrx_word' id='word_1_455' title='bbox 356 5201 500 5294; x_wconf 84' lang='lat' dir='ltr'><strong>praebet</strong></span> <span class='ocrx_word' id='word_1_456' title='bbox 522 5197 701 5272; x_wconf 87' lang='lat' dir='ltr'><strong>Ecclesiae</strong></span> <span class='ocrx_word' id='word_1_457' title='bbox 722 5197 792 5270; x_wconf 88' lang='lat' dir='ltr'><strong>Dei</strong></span> <span class='ocrx_word' id='word_1_458' title='bbox 821 5211 856 5280; x_wconf 84' lang='lat' dir='ltr'><strong>et</strong></span> <span class='ocrx_word' id='word_1_459' title='bbox 881 5199 1021 5281; x_wconf 86' lang='lat' dir='ltr'><strong>studiis,</strong></span> 
     </span>
     <span class='ocr_line' id='line_1_52' title="bbox 15 5296 1022 5394; baseline -0.023 0"><span class='ocrx_word' id='word_1_460' title='bbox 15 5341 45 5394; x_wconf 84' lang='lat' dir='ltr'><strong>ut</strong></span> <span class='ocrx_word' id='word_1_461' title='bbox 63 5319 166 5390; x_wconf 80' lang='lat' dir='ltr'><strong>olirn</strong></span> <span class='ocrx_word' id='word_1_462' title='bbox 187 5310 314 5377; x_wconf 72' lang='lat' dir='ltr'><strong>viduae</strong></span> <span class='ocrx_word' id='word_1_463' title='bbox 328 5302 543 5394; x_wconf 77' lang='lat' dir='ltr'><strong>sareptanae</strong></span> <span class='ocrx_word' id='word_1_464' title='bbox 557 5325 637 5372; x_wconf 87' lang='lat' dir='ltr'><strong>casa</strong></span> <span class='ocrx_word' id='word_1_465' title='bbox 652 5314 727 5373; x_wconf 88' lang='lat' dir='ltr'><strong>erat</strong></span> <span class='ocrx_word' id='word_1_466' title='bbox 740 5296 933 5392; x_wconf 92' lang='lat' dir='ltr'><strong>hospitium</strong></span> <span class='ocrx_word' id='word_1_467' title='bbox 948 5297 1022 5372; x_wconf 81' lang='lat' dir='ltr'><strong>Ec-</strong></span> 
     </span>
     <span class='ocr_line' id='line_1_53' title="bbox 15 5401 1021 5496; baseline -0.024 0"><span class='ocrx_word' id='word_1_468' title='bbox 15 5423 149 5496; x_wconf 82' lang='lat' dir='ltr'><strong>:lesiae</strong></span> <span class='ocrx_word' id='word_1_469' title='bbox 169 5409 260 5489; x_wconf 91' lang='lat' dir='ltr'><strong>Dei,</strong></span> <span class='ocrx_word' id='word_1_470' title='bbox 286 5403 672 5484; x_wconf 86' lang='lat' dir='ltr'><strong>insidiaturdiabolus,</strong></span> <span class='ocrx_word' id='word_1_471' title='bbox 694 5403 782 5473; x_wconf 84' lang='lat' dir='ltr'><strong>loris</strong></span> <span class='ocrx_word' id='word_1_472' title='bbox 802 5401 1021 5472; x_wconf 88' lang='lat' dir='ltr'><strong>latrunculos</strong></span> 
     </span>
     <span class='ocr_line' id='line_1_54' title="bbox 18 5501 1020 5614; baseline -0.012 -31"><span class='ocrx_word' id='word_1_473' title='bbox 18 5525 170 5614; x_wconf 62' lang='lat' dir='ltr'><strong>„nigrat</strong></span> <span class='ocrx_word' id='word_1_474' title='bbox 206 5511 252 5580; x_wconf 85' lang='lat' dir='ltr'><strong>ad</strong></span> <span class='ocrx_word' id='word_1_475' title='bbox 278 5505 529 5578; x_wconf 83' lang='lat' dir='ltr'><strong>denunciando</strong></span> <span class='ocrx_word' id='word_1_476' title='bbox 557 5503 723 5578; x_wconf 83' lang='lat' dir='ltr'><strong>incendia</strong></span> <span class='ocrx_word' id='word_1_477' title='bbox 755 5517 791 5578; x_wconf 83' lang='lat' dir='ltr'><strong>et</strong></span> <span class='ocrx_word' id='word_1_478' title='bbox 819 5501 1020 5590; x_wconf 87' lang='lat' dir='ltr'><strong>iatrocinia,</strong></span> 
     </span>
    </p>
   </div>
   <div class='ocr_carea' id='block_1_10' title="bbox 1072 3580 2065 3778">
    <p class='ocr_par' dir='ltr' id='par_1_10' title="bbox 1072 3580 2065 3778">
     <span class='ocr_line' id='line_1_55' title="bbox 1072 3580 2065 3680; baseline 0.01 -28"><span class='ocrx_word' id='word_1_479' title='bbox 1072 3583 1180 3653; x_wconf 90' lang='lat' dir='ltr'><strong>dubie</strong></span> <span class='ocrx_word' id='word_1_480' title='bbox 1208 3580 1306 3654; x_wconf 88' lang='lat' dir='ltr'><strong>Dens</strong></span> <span class='ocrx_word' id='word_1_481' title='bbox 1332 3597 1366 3654; x_wconf 88' lang='lat' dir='ltr'><strong>et</strong></span> <span class='ocrx_word' id='word_1_482' title='bbox 1400 3587 1543 3656; x_wconf 89' lang='lat' dir='ltr'><strong>ornabit</strong></span> <span class='ocrx_word' id='word_1_483' title='bbox 1564 3588 1731 3680; x_wconf 87' lang='lat' dir='ltr'><strong>praemiis</strong></span> <span class='ocrx_word' id='word_1_484' title='bbox 1760 3590 1985 3678; x_wconf 84' lang='lat' dir='ltr'><strong>obedientes,</strong></span> <span class='ocrx_word' id='word_1_485' title='bbox 2031 3603 2065 3662; x_wconf 89' lang='lat' dir='ltr'><strong>et</strong></span> 
     </span>
     <span class='ocr_line' id='line_1_56' title="bbox 1073 3684 1773 3778; baseline 0.006 -22"><span class='ocrx_word' id='word_1_486' title='bbox 1073 3698 1296 3758; x_wconf 82' lang='lat' dir='ltr'><strong>contumaces</strong></span> <span class='ocrx_word' id='word_1_487' title='bbox 1311 3685 1448 3778; x_wconf 86' lang='lat' dir='ltr'><strong>puniet.</strong></span> <span class='ocrx_word' id='word_1_488' title='bbox 1498 3684 1567 3761; x_wconf 88' lang='lat' dir='ltr'><strong>Die</strong></span> <span class='ocrx_word' id='word_1_489' title='bbox 1587 3689 1622 3760; x_wconf 79' lang='grc'><strong>8.</strong></span> <span class='ocrx_word' id='word_1_490' title='bbox 1636 3687 1773 3768; x_wconf 89' lang='lat' dir='ltr'><strong>Martii.</strong></span> 
     </span>
    </p>
   </div>
   <div class='ocr_carea' id='block_1_11' title="bbox 1618 4009 2060 4028">
    <p class='ocr_par' dir='ltr' id='par_1_11' title="bbox 1618 4009 2060 4028">
     <span class='ocr_line' id='line_1_57' title="bbox 1618 4009 2060 4028; baseline 0.018 -6"><span class='ocrx_word' id='word_1_491' title='bbox 1618 4009 2060 4028; x_wconf 78' lang='lat'><strong>..--·----.--·--...-</strong></span> 
     </span>
    </p>
   </div>
   <div class='ocr_carea' id='block_1_12' title="bbox 1071 4237 2015 4366">
    <p class='ocr_par' dir='ltr' id='par_1_12' title="bbox 1071 4237 2015 4366">
     <span class='ocr_line' id='line_1_58' title="bbox 1071 4237 2015 4366; baseline 0.003 -53"><span class='ocrx_word' id='word_1_492' title='bbox 1071 4237 1268 4366; x_wconf 60' lang='lat' dir='ltr'><strong>Q.</strong></span> <span class='ocrx_word' id='word_1_493' title='bbox 1748 4250 1888 4332; x_wconf 74' lang='lat' dir='ltr'><strong>(inemo</strong></span> <span class='ocrx_word' id='word_1_494' title='bbox 1906 4249 2015 4332; x_wconf 77' lang='grc' dir='ltr'><strong><em>Μιιι.)</em></strong></span> 
     </span>
    </p>
   </div>
   <div class='ocr_carea' id='block_1_13' title="bbox 1695 4343 2064 4382">
    <p class='ocr_par' dir='ltr' id='par_1_13' title="bbox 1695 4343 2064 4382">
     <span class='ocr_line' id='line_1_59' title="bbox 1695 4343 2064 4382; baseline 0.008 -2"><span class='ocrx_word' id='word_1_495' title='bbox 1695 4343 2064 4382; x_wconf 57' lang='grc' dir='ltr'><strong><em>Μ</em></strong></span> 
     </span>
    </p>
   </div>
   <div class='ocr_carea' id='block_1_14' title="bbox 1153 4439 1992 4592">
    <p class='ocr_par' dir='ltr' id='par_1_14' title="bbox 1153 4439 1992 4592">
     <span class='ocr_line' id='line_1_60' title="bbox 1153 4439 1992 4592; baseline 0.012 -34"><span class='ocrx_word' id='word_1_496' title='bbox 1153 4439 1422 4586; x_wconf 81' lang='lat' dir='ltr'><strong>Responsum</strong></span> <span class='ocrx_word' id='word_1_497' title='bbox 1458 4475 1774 4592; x_wconf 64' lang='lat' dir='ltr'><strong>staninges-um</strong></span> <span class='ocrx_word' id='word_1_498' title='bbox 1805 4481 1992 4570; x_wconf 74' lang='lat' dir='ltr'><strong>Wittetr.</strong></span> 
     </span>
    </p>
   </div>
   <div class='ocr_carea' id='block_1_15' title="bbox 1088 4649 2066 4780">
    <p class='ocr_par' dir='ltr' id='par_1_15' title="bbox 1088 4649 2066 4780">
     <span class='ocr_line' id='line_1_61' title="bbox 1088 4649 2066 4780; baseline 0.002 -72"><span class='ocrx_word' id='word_1_499' title='bbox 1088 4658 1092 4667; x_wconf 86' lang='lat'>&#39;</span> <span class='ocrx_word' id='word_1_500' title='bbox 1142 4649 1180 4708; x_wconf 68' lang='lat' dir='ltr'><strong>a:</strong></span> <span class='ocrx_word' id='word_1_501' title='bbox 1197 4649 1381 4724; x_wconf 62' lang='lat' dir='ltr'><strong>aalmapbo,</strong></span> <span class='ocrx_word' id='word_1_502' title='bbox 1397 4651 1574 4724; x_wconf 76' lang='lat' dir='ltr'><strong>aCrucigero</strong></span> <span class='ocrx_word' id='word_1_503' title='bbox 1585 4652 1716 4780; x_wconf 45' lang='grc' dir='ltr'><strong><em>ιςιήιιοᾶ</em></strong></span> <span class='ocrx_word' id='word_1_504' title='bbox 1727 4657 1772 4711; x_wconf 84' lang='lat' dir='ltr'><strong>cui</strong></span> <span class='ocrx_word' id='word_1_505' title='bbox 1790 4653 1909 4728; x_wconf 81' lang='lat' dir='ltr'><strong>theologi</strong></span> <span class='ocrx_word' id='word_1_506' title='bbox 1928 4675 1977 4710; x_wconf 85' lang='grc' dir='ltr'><strong>ιιι</strong></span> <span class='ocrx_word' id='word_1_507' title='bbox 1988 4657 2066 4728; x_wconf 84' lang='lat' dir='ltr'><strong>quis·</strong></span> 
     </span>
    </p>
   </div>
   <div class='ocr_carea' id='block_1_16' title="bbox 1172 4721 2069 5548">
    <p class='ocr_par' dir='ltr' id='par_1_16' title="bbox 1172 4721 2069 5548">
     <span class='ocr_line' id='line_1_62' title="bbox 1175 4721 2066 4876; baseline 0.011 -32"><span class='ocrx_word' id='word_1_508' title='bbox 1175 4721 1638 4860; x_wconf 55' lang='lat' dir='ltr'><strong>ii&#39;iess’iiiu&#39;ii&#39;ii’itb&#39;iiiiii</strong></span> <span class='ocrx_word' id='word_1_509' title='bbox 1653 4723 1935 4864; x_wconf 67' lang='lat' dir='ltr'><strong>ibttcieii&#39;niii&#39;siii</strong></span> <span class='ocrx_word' id='word_1_510' title='bbox 1946 4725 1998 4876; x_wconf 66' lang='lat' dir='ltr'><strong>Ji}</strong></span> <span class='ocrx_word' id='word_1_511' title='bbox 2015 4797 2066 4854; x_wconf 75' lang='lat' dir='ltr'><strong>a·</strong></span> 
     </span>
     <span class='ocr_line' id='line_1_63' title="bbox 1174 4857 2065 4932; baseline 0.002 -17"><span class='ocrx_word' id='word_1_512' title='bbox 1174 4859 1333 4928; x_wconf 59' lang='lat' dir='ltr'><strong>remetiens</strong></span> <span class='ocrx_word' id='word_1_513' title='bbox 1350 4859 1407 4924; x_wconf 76' lang='lat' dir='ltr'><strong>ellit.</strong></span> <span class='ocrx_word' id='word_1_514' title='bbox 1436 4869 1461 4912; x_wconf 87' lang='lat' dir='ltr'><strong>et</strong></span> <span class='ocrx_word' id='word_1_515' title='bbox 1487 4878 1501 4914; x_wconf 85' lang='grc' dir='ltr'><strong>ι</strong></span> <span class='ocrx_word' id='word_1_516' title='bbox 1523 4857 1660 4914; x_wconf 81' lang='lat' dir='ltr'><strong>Waicitio</strong></span> <span class='ocrx_word' id='word_1_517' title='bbox 1691 4861 1820 4932; x_wconf 82' lang='lat' dir='ltr'><strong>operibus</strong></span> <span class='ocrx_word' id='word_1_518' title='bbox 1845 4861 1954 4916; x_wconf 78' lang='lat' dir='ltr'><strong>bothert</strong></span> <span class='ocrx_word' id='word_1_519' title='bbox 1979 4861 2065 4918; x_wconf 82' lang='lat' dir='ltr'><strong>inser·</strong></span> 
     </span>
     <span class='ocr_line' id='line_1_64' title="bbox 1172 4925 2068 5000; baseline 0 -16"><span class='ocrx_word' id='word_1_520' title='bbox 1172 4937 1232 4984; x_wconf 82' lang='lat' dir='ltr'><strong>tum</strong></span> <span class='ocrx_word' id='word_1_521' title='bbox 1255 4925 1333 4982; x_wconf 63' lang='lat' dir='ltr'><strong>hx</strong></span> <span class='ocrx_word' id='word_1_522' title='bbox 1363 4925 1398 4982; x_wconf 88' lang='lat' dir='ltr'><strong>il.</strong></span> <span class='ocrx_word' id='word_1_523' title='bbox 1422 4944 1451 4997; x_wconf 82' lang='lat' dir='ltr'><strong>p.</strong></span> <span class='ocrx_word' id='word_1_524' title='bbox 1470 4927 1548 4984; x_wconf 73' lang='grc'><strong>1459.</strong></span> <span class='ocrx_word' id='word_1_525' title='bbox 1609 4927 1795 5000; x_wconf 73' lang='lat' dir='ltr'><strong>Apogrephon</strong></span> <span class='ocrx_word' id='word_1_526' title='bbox 1818 4929 1849 4984; x_wconf 82' lang='lat' dir='ltr'><strong>iu</strong></span> <span class='ocrx_word' id='word_1_527' title='bbox 1866 4931 1931 4986; x_wconf 80' lang='lat' dir='ltr'><strong>cod.</strong></span> <span class='ocrx_word' id='word_1_528' title='bbox 1949 4929 2020 4985; x_wconf 83' lang='lat' dir='ltr'><strong>Galli</strong></span> <span class='ocrx_word' id='word_1_529' title='bbox 2043 4931 2068 4986; x_wconf 87' lang='lat' dir='ltr'><strong>i.</strong></span> 
     </span>
     <span class='ocr_line' id='line_1_65' title="bbox 1172 4994 2069 5068; baseline 0.004 -18"><span class='ocrx_word' id='word_1_530' title='bbox 1172 5015 1199 5068; x_wconf 83' lang='lat' dir='ltr'><strong>p.</strong></span> <span class='ocrx_word' id='word_1_531' title='bbox 1211 4997 1256 5051; x_wconf 78' lang='lat' dir='ltr'><strong>dl.</strong></span> <span class='ocrx_word' id='word_1_532' title='bbox 1273 5023 1308 5038; x_wconf 89' lang='lat'>-</span> <span class='ocrx_word' id='word_1_533' title='bbox 1343 4995 1390 5050; x_wconf 75' lang='lat' dir='ltr'><strong>tto</strong></span> <span class='ocrx_word' id='word_1_534' title='bbox 1403 5015 1446 5050; x_wconf 85' lang='lat' dir='ltr'><strong>res</strong></span> <span class='ocrx_word' id='word_1_535' title='bbox 1467 5015 1565 5051; x_wconf 79' lang='lat' dir='ltr'><strong>oneum</strong></span> <span class='ocrx_word' id='word_1_536' title='bbox 1577 4994 1611 5050; x_wconf 88' lang='lat' dir='ltr'><strong>ad</strong></span> <span class='ocrx_word' id='word_1_537' title='bbox 1626 4997 1729 5052; x_wconf 81' lang='lat' dir='ltr'><strong>monita</strong></span> <span class='ocrx_word' id='word_1_538' title='bbox 1743 4996 1837 5052; x_wconf 81' lang='lat' dir='ltr'><strong>thesio</strong></span> <span class='ocrx_word' id='word_1_539' title='bbox 1856 5012 1935 5052; x_wconf 84' lang='lat' dir='ltr'><strong>orum</strong></span> <span class='ocrx_word' id='word_1_540' title='bbox 1949 4997 2069 5068; x_wconf 74' lang='lat' dir='ltr'><strong>limiae,</strong></span> 
     </span>
     <span class='ocr_line' id='line_1_66' title="bbox 1172 5017 2065 5136; baseline 0.007 -18"><span class='ocrx_word' id='word_1_541' title='bbox 1172 5082 1241 5136; x_wconf 78' lang='lat' dir='ltr'><strong>quae</strong></span> <span class='ocrx_word' id='word_1_542' title='bbox 1252 5083 1335 5136; x_wconf 84' lang='lat' dir='ltr'><strong>supra</strong></span> <span class='ocrx_word' id='word_1_543' title='bbox 1354 5063 1382 5118; x_wconf 83' lang='lat' dir='ltr'><strong>d.</strong></span> <span class='ocrx_word' id='word_1_544' title='bbox 1395 5063 1422 5119; x_wconf 80' lang='lat'><strong>⁷.</strong></span> <span class='ocrx_word' id='word_1_545' title='bbox 1457 5065 1514 5118; x_wconf 74' lang='lat' dir='ltr'><strong>eir.</strong></span> <span class='ocrx_word' id='word_1_546' title='bbox 1531 5063 1673 5128; x_wconf 83' lang='lat' dir='ltr'><strong>dedimus,</strong></span> <span class='ocrx_word' id='word_1_547' title='bbox 1690 5083 1758 5135; x_wconf 82' lang='lat' dir='ltr'><strong>quae</strong></span> <span class='ocrx_word' id='word_1_548' title='bbox 1781 5085 1813 5120; x_wconf 87' lang='lat' dir='ltr'><strong>uc</strong></span> <span class='ocrx_word' id='word_1_549' title='bbox 1830 5017 1876 5121; x_wconf 61' lang='lat' dir='ltr'><strong>iic.</strong></span> <span class='ocrx_word' id='word_1_550' title='bbox 1889 5065 1998 5122; x_wconf 76' lang='lat' dir='ltr'><strong>Elector</strong></span> <span class='ocrx_word' id='word_1_551' title='bbox 2016 5065 2065 5124; x_wconf 54' lang='lat' dir='ltr'><strong>Vis</strong></span> 
     </span>
     <span class='ocr_line' id='line_1_67' title="bbox 1175 5131 2031 5260; baseline 0.007 -6"><span class='ocrx_word' id='word_1_552' title='bbox 1175 5131 1758 5256; x_wconf 62' lang='lat' dir='ltr'><strong>essecestriam·</strong></span> <span class='ocrx_word' id='word_1_553' title='bbox 1783 5151 2031 5260; x_wconf 62' lang='lat' dir='ltr'><strong>a..</strong></span> 
     </span>
     <span class='ocr_line' id='line_1_68' title="bbox 1747 5222 2067 5268; baseline 0 -10"><span class='ocrx_word' id='word_1_554' title='bbox 1747 5223 1844 5268; x_wconf 81' lang='grc' dir='ltr'><strong><em>ιιιιιι,</em></strong></span> <span class='ocrx_word' id='word_1_555' title='bbox 1966 5223 1983 5258; x_wconf 92' lang='grc' dir='ltr'><strong>ιι</strong></span> <span class='ocrx_word' id='word_1_556' title='bbox 2025 5222 2067 5258; x_wconf 81' lang='lat' dir='ltr'><strong>rua</strong></span> 
     </span>
     <span class='ocr_line' id='line_1_69' title="bbox 1173 5221 2068 5342; baseline 0.004 -20"><span class='ocrx_word' id='word_1_557' title='bbox 1173 5267 1267 5323; x_wconf 77' lang='lat' dir='ltr'><strong>taem</strong></span> <span class='ocrx_word' id='word_1_558' title='bbox 1281 5267 1309 5322; x_wconf 81' lang='lat' dir='ltr'><strong>d.</strong></span> <span class='ocrx_word' id='word_1_559' title='bbox 1338 5269 1364 5324; x_wconf 79' lang='grc'><strong>6.</strong></span> <span class='ocrx_word' id='word_1_560' title='bbox 1379 5269 1448 5342; x_wconf 75' lang='lat' dir='ltr'><strong>Apr.</strong></span> <span class='ocrx_word' id='word_1_561' title='bbox 1461 5267 1578 5342; x_wconf 75' lang='lat' dir='ltr'><strong>scriptae</strong></span> <span class='ocrx_word' id='word_1_562' title='bbox 1590 5267 1627 5322; x_wconf 80' lang='lat' dir='ltr'><strong>ad</strong></span> <span class='ocrx_word' id='word_1_563' title='bbox 1640 5221 1812 5340; x_wconf 68' lang='lat' dir='ltr'><strong>Ehctoiem,</strong></span> <span class='ocrx_word' id='word_1_564' title='bbox 1828 5272 1857 5326; x_wconf 83' lang='lat' dir='ltr'><strong>in</strong></span> <span class='ocrx_word' id='word_1_565' title='bbox 1868 5271 2002 5326; x_wconf 77' lang='grc' dir='ltr'><strong><em>ιιιιιειιλι</em></strong></span> <span class='ocrx_word' id='word_1_566' title='bbox 2014 5271 2068 5326; x_wconf 81' lang='lat' dir='ltr'><strong>Vi-</strong></span> 
     </span>
     <span class='ocr_line' id='line_1_70' title="bbox 1174 5335 2067 5420; baseline 0.007 -30"><span class='ocrx_word' id='word_1_567' title='bbox 1174 5335 1376 5419; x_wconf 72' lang='lat' dir='ltr'><strong>tebergemiom</strong></span> <span class='ocrx_word' id='word_1_568' title='bbox 1389 5335 1528 5420; x_wconf 70' lang='lat' dir='ltr'><strong>acquieyit</strong></span> <span class='ocrx_word' id='word_1_569' title='bbox 1540 5335 1672 5420; x_wconf 65' lang='lat' dir='ltr'><strong>quidpm,</strong></span> <span class='ocrx_word' id='word_1_570' title='bbox 1689 5337 1737 5394; x_wconf 80' lang='lat' dir='ltr'><strong>aed</strong></span> <span class='ocrx_word' id='word_1_571' title='bbox 1757 5347 1849 5395; x_wconf 77' lang='lat' dir='ltr'><strong>tamen</strong></span> <span class='ocrx_word' id='word_1_572' title='bbox 1869 5339 1996 5412; x_wconf 83' lang='lat' dir='ltr'><strong>monuit,</strong></span> <span class='ocrx_word' id='word_1_573' title='bbox 2018 5339 2067 5396; x_wconf 85' lang='grc' dir='ltr'><strong>λι·</strong></span> 
     </span>
     <span class='ocr_line' id='line_1_71' title="bbox 1222 5403 2065 5476; baseline 0.013 -18"><span class='ocrx_word' id='word_1_574' title='bbox 1222 5421 1288 5462; x_wconf 81' lang='lat' dir='ltr'><strong>sves</strong></span> <span class='ocrx_word' id='word_1_575' title='bbox 1303 5404 1373 5460; x_wconf 77' lang='lat' dir='ltr'><strong>tntis</strong></span> <span class='ocrx_word' id='word_1_576' title='bbox 1406 5423 1430 5458; x_wconf 87' lang='grc' dir='ltr'><strong>ιι</strong></span> <span class='ocrx_word' id='word_1_577' title='bbox 1444 5403 1544 5476; x_wconf 78' lang='lat' dir='ltr'><strong>Eptaco</strong></span> <span class='ocrx_word' id='word_1_578' title='bbox 1563 5421 1588 5459; x_wconf 88' lang='lat' dir='ltr'><strong>u</strong></span> <span class='ocrx_word' id='word_1_579' title='bbox 1604 5421 1647 5460; x_wconf 91' lang='grc' dir='ltr'><strong><em>ιιιι</em></strong></span> <span class='ocrx_word' id='word_1_580' title='bbox 1661 5407 1809 5466; x_wconf 64' lang='lat' dir='ltr'><strong>mummi</strong></span> <span class='ocrx_word' id='word_1_581' title='bbox 1821 5407 1949 5466; x_wconf 70' lang='lat' dir='ltr'><strong>auem</strong></span> <span class='ocrx_word' id='word_1_582' title='bbox 1960 5425 2065 5468; x_wconf 68' lang='grc' dir='ltr'><strong><em>σικι-</em></strong></span> 
     </span>
     <span class='ocr_line' id='line_1_72' title="bbox 1218 5441 1694 5548; baseline 0.011 -20"><span class='ocrx_word' id='word_1_583' title='bbox 1218 5491 1262 5532; x_wconf 58' lang='lat' dir='ltr'><strong>uf·</strong></span> <span class='ocrx_word' id='word_1_584' title='bbox 1295 5469 1361 5530; x_wconf 63' lang='lat' dir='ltr'><strong>vida</strong></span> <span class='ocrx_word' id='word_1_585' title='bbox 1372 5441 1509 5530; x_wconf 43' lang='lat' dir='ltr'><strong>§effnde</strong></span> <span class='ocrx_word' id='word_1_586' title='bbox 1519 5471 1544 5528; x_wconf 73' lang='grc' dir='ltr'><strong>ιι</strong></span> <span class='ocrx_word' id='word_1_587' title='bbox 1588 5493 1618 5548; x_wconf 62' lang='lat' dir='ltr'><strong>Pa</strong></span> <span class='ocrx_word' id='word_1_588' title='bbox 1630 5473 1694 5533; x_wconf 65' lang='lat'><strong>⁵⁸⁹⁶</strong></span> 
     </span>
    </p>
   </div>
   <div class='ocr_carea' id='block_1_17' title="bbox 0 0 2392 6260">
    <p class='ocr_par' dir='ltr' id='par_1_17' title="bbox 0 0 2392 6260">
     <span class='ocr_line' id='line_1_73' title="bbox 0 0 2392 6260; baseline 0 3"><span class='ocrx_word' id='word_1_589' title='bbox 0 0 2392 6260; x_wconf 95' lang='lat' dir='ltr'><strong> </strong></span> 
     </span>
    </p>
   </div>
  </div>
 </body>
</html>
