4842 6256
305 327 381 415 ιιι

320 511 388 587 ιιι.
405 513 519 586 aare.

315 607 529 651 m

1189 513 1237 594 (h-
1254 513 1294 595 s.)

1164 601 1303 634 Μ

691 689 930 784 Studiosis.

362 904 366 912 ·
383 873 494 929 Editunr
509 875 536 930 in
548 875 663 950 Scriptis
678 875 755 950 publ.
770 877 854 933 aad.
870 875 985 934 Witeb.
1002 872 1036 934 Τ.
1050 877 1071 934 l.
1088 895 1117 951 p.
1131 875 1175 932 72.

699 1031 933 1132 (aaaron.)
1000 1105 1003 1114 ,
1048 1097 1050 1104 .

318 1154 439 1243 Nosse
472 1184 747 1264 temperamenta
783 1194 970 1264 corporum
1005 1169 1246 1245 humanorum
1281 1187 1314 1244 et

320 1273 589 1360 inclinationes,
618 1299 708 1368 quae
731 1276 1075 1367 sequunturerasin,
1099 1279 1258 1367 profecto
1275 1277 1314 1344 in

321 1375 394 1446 vita
410 1377 636 1448 utilissimum
652 1389 720 1456 est,
753 1377 916 1446 videlicet
932 1378 977 1446 ad
994 1380 1160 1448 tuendam
1178 1380 1314 1447 valetu-

321 1479 444 1546 dinem
461 1493 496 1546 et
512 1481 684 1568 regendos
697 1501 825 1551 mores.
861 1477 911 1549 Et
926 1492 965 1548 ut
980 1479 1070 1547 aliae
1086 1493 1199 1570 partes
1215 1475 1311 1573 Phy-

323 1579 427 1666 sic'es,
462 1579 601 1649 dulcem
623 1576 709 1649 haec
733 1603 814 1670 pars
832 1581 1031 1651 doctrinam
1050 1595 1083 1650 et
1099 1594 1231 1670 gratam
1249 1581 1314 1648 bo-

323 1681 380 1750 nis
403 1681 554 1772 ingeniis
580 1680 748 1753 continet.
799 1677 911 1772 Coepi
933 1696 1049 1751 autem
1074 1707 1189 1772 nuper
1211 1705 1314 1750 cnar-

322 1807 401 1852 rare
425 1785 542 1852 locum
566 1774 772 1851 Ptolemaei
791 1782 828 1849 in
853 1781 1140 1872 Quadripartitu,
1180 1783 1218 1850 in
1243 1807 1314 1875 quo

322 1887 556 1955 conferuntur
569 1881 748 1967 Planetae,
769 1895 1055 1975 temperamenta,
1074 1909 1203 1968 mores,
1217 1909 1315 1953 mor-

323 1987 372 2055 bi.
422 1984 530 2055 Hunc
552 1985 670 2054 locum
693 1984 819 2053 vellem
841 1986 1065 2055 notissimum
1085 2009 1158 2055 esse
1176 1986 1314 2054 studio-

323 2089 380 2160 sis.
434 2085 552 2174 Qnare
575 2081 746 2156 adhortor
766 2089 903 2155 deditos
918 2086 1072 2156 Graecae
1088 2088 1248 2176 linguae,
1275 2100 1316 2155 ut

321 2213 400 2257 earn
425 2188 612 2257 lectionem
637 2189 793 2258 audiant.
846 2185 918 2258 Res
942 2190 1034 2280 ipsas
1058 2191 1128 2258 scio
1153 2191 1316 2278 profutu-

325 2315 383 2360 ros
418 2290 659 2371 auditoribus,
693 2301 728 2358 et
763 2287 936 2379 voltrptati
970 2290 1116 2361 futuras.
1176 2288 1315 2358 Deinde

324 2392 457 2460 multae
482 2391 520 2460 in
544 2416 584 2460 eo
603 2391 681 2460 loco
697 2404 782 2459 sunt
798 2415 898 2459 voces
913 2391 1087 2472 eruditae,
1113 2390 1316 2479 significan-

323 2508 375 2562 tes
391 2517 549 2576 morum,
583 2491 790 2562 morborum
813 2505 846 2560 et
858 2506 1226 2582 temperamentorum
1243 2493 1316 2558 dis-

323 2593 494 2673 crimina,
526 2619 677 2686 quarum
700 2617 827 2664 vocum
852 2595 1101 2684 proprietatem
1121 2594 1316 2681 intelligere

324 2720 405 2786 pars
424 2709 474 2762 est
492 2693 714 2766 eruditionis.
766 2689 855 2788 (An.
875 2691 1001 2788 1543.)

1175 3105 1316 3224 ee·

660 3283 990 3366 Testimonium.

395 3463 504 3518 Editmn
537 3473 577 3517 est
601 3462 654 3524 hoc
680 3461 865 3516 testimonium
917 3470 948 3515 ιιι
970 3481 985 3515 a
1007 3461 1125 3516 Lutbero
1151 3463 1317 3539 profectum,

430 3532 585 3614 aschtttzio
598 3532 626 3611 in
640 3532 716 3613 epist.
731 3529 811 3584 Luth.
825 3499 889 3585 Vol.
902 3531 923 3584 l.
932 3549 964 3647 p.
978 3529 1056 3596 278„
1081 3531 1153 3584 unde
1168 3532 1234 3585 illud
1248 3535 1314 3616 bau·-

430 3613 464 3654 ιιι
484 3601 517 3654 de
532 3599 660 3652 Wettrus
681 3616 708 3652 ιιι
728 3617 771 3668 ep.
790 3597 870 3652 Lutb.
884 3597 918 3652 Τ.
957 3619 1005 3670 .p.
1019 3599 1077 3654 592.
1096 3627 1128 3640 -·
1165 3601 1316 3673 Descripsit

886 328 1317 425 tttsrottnttut
1380 333 1490 408 LIB.
1525 333 1590 414 lx.
1643 331 1780 410 1⁶4³.

2253 337 2311 414 ιιι

1362 506 1400 578 ἱιι
1436 509 1563 580 studiis
1594 509 1778 580 literarum
1814 508 1987 599 egregiam
2021 531 2159 602 operam
2187 531 2315 586 narasse.

1363 611 1577 705 Quanquam
1590 626 1717 696 autem,
1733 623 1774 684 ut
1785 626 1910 684 natura
1926 613 2002 684 eius
2010 627 2061 683 est
2072 636 2173 704 capax
2183 616 2315 684 omniun

1363 715 1505 801 artium,
1529 735 1693 805 maguam
1708 715 1858 786 feliciter
1873 715 1997 785 didicit
2014 709 2242 806 philosophiae
2253 739 2316 806 par-

1365 831 1454 898 tem,
1486 829 1680 899 ettamen,
1717 817 1800 910 quia
1826 839 1907 886 vere
1928 830 1963 886 et
1986 830 2061 887 toto
2084 831 2215 908 pectore
2233 817 2318 890 sentit

1367 915 1561 988 humanum
1582 939 1692 1007 genus
1715 941 1790 986 non
1812 941 1884 987 esse
1900 943 1982 988 casn
1995 924 2131 1003 ortum,
2161 919 2217 986 sed
2232 943 2247 986 a
2261 916 2318 988 Deo

1367 1017 1570 1101 conditum,
1602 1033 1636 1090 et
1653 1016 1767 1089 Deum
1791 1043 1826 1088 sc
1849 1021 2050 1110 patefecisse
2073 1019 2172 1090 certis
2187 1019 2318 1089 testimo-

1368 1121 1438 1188 niis
1462 1119 1500 1188 in
1521 1113 1588 1188 hoc
1609 1142 1684 1189 uno
1704 1119 1884 1190 doctrinae
1905 1143 2048 1211 genere,
2079 1123 2173 1213 quod
2189 1143 2244 1210 per
2257 1143 2320 1209 pro-
2385 1171 2386 1174 ι

1367 1216 1507 1312 phetas,
1538 1215 1721 1292 Christum
1737 1235 1771 1290 et
1786 1225 1962 1312 apostolos
1978 1223 2060 1290 inde
2082 1245 2188 1314 usque
2210 1222 2249 1290 ab
2268 1220 2320 1287 ini-

1367 1323 1418 1394 tio
1434 1334 1518 1392 uota
1532 1322 1750 1392 successione
1771 1324 1938 1392 traditum
1955 1319 2207 1401 estEcelesiae,
2231 1320 2320 1389 studia

1367 1422 1553 1514 praecipue
1577 1425 1622 1492 ad
1646 1427 1925 1512 cognoscendam
1949 1424 2145 1492 doctrinam
2168 1423 2320 1492 coelestem

1367 1523 1528 1594 contulit.
1556 1523 1604 1594 Ut
1618 1525 1727 1614 igitur
1742 1549 1940 1596 sermonem
1954 1519 2202 1614 prophetarum
2217 1537 2247 1592 et
2258 1545 2321 1611 apo·

1367 1625 1540 1695 stolorum
1563 1627 1742 1717 percipere
1768 1640 1901 1716 posset,
1931 1626 2070 1714 linguas
2093 1625 2214 1693 didicit
2233 1621 2321 1692 ehrai·

1367 1751 1442 1796 cam
1456 1738 1492 1794 et
1505 1747 1680 1815 graecam,
1708 1727 1841 1796 evolvit
1862 1741 1895 1796 et
1909 1728 2070 1797 omnium
2084 1740 2269 1816 temporum
2282 1718 2322 1790 hi-

1366 1829 1510 1896 storiam
1540 1822 1830 1917 comprehensam
1859 1829 1972 1898 literis
1998 1829 2145 1897 ebraicis
2166 1826 2282 1916 graecis
2299 1835 2323 1890 ιι

1367 1928 1504 2012 latinis,
1544 1928 1644 1997 cuius
1676 1928 1832 2018 cognitio
1855 1931 1899 1998 ad
1925 1929 2137 2000 erudiendas
2162 1939 2281 1996 mentes
2300 1935 2326 1992 et

1368 2030 1624 2098 confirmandas
1646 2053 1747 2098 veras
1763 2031 1952 2120 opiniones
1968 2031 2161 2120 plurimum
2180 2025 2324 2098 conducit

1365 2128 1565 2220 Diligenter
1581 2130 1719 2199 audivit
1735 2132 1943 2222 interpretes
1956 2127 2206 2223 prophetarum
2220 2141 2250 2196 ct
2260 2149 2323 2216 apo·

1368 2232 1539 2302 stolorum
1557 2231 1595 2298 iu
1613 2226 1678 2299 hac
1700 2227 1839 2316 schola,
1873 2247 1907 2303 et
1928 2233 2092 2303 contulit
2104 2246 2232 2301 veteres
2250 2248 2323 2315 grae

1367 2357 1427 2402 cos
1442 2344 1476 2402 et
1491 2333 1619 2402 latinos
1635 2333 1822 2423 scriptores
1838 2334 1882 2403 de
1899 2334 2062 2404 eeclesiae
2079 2331 2284 2423 dogmatibus
2302 2339 2326 2393 et

1368 2433 1505 2526 piarum
1523 2435 1739 2528 synodorum
1756 2437 1912 2520 decreta,
1938 2451 1978 2506 ut
1995 2448 2129 2522 teneat,
2162 2433 2242 2528 quid
2262 2451 2325 2518 apo·

1367 2535 1539 2605 stolorum
1557 2536 1697 2605 ecclesia
1715 2537 1858 2624 puriore
1875 2551 1985 2607 aetate
2000 2538 2166 2620 senserit,
2199 2546 2231 2602 et
2244 2533 2324 2599 deun

1368 2637 1467 2706 firma
1496 2637 1564 2704 fide
1593 2637 1758 2706 invocare
1788 2651 1823 2707 et
1855 2639 1943 2707 alios
1974 2650 2069 2708 recte
2092 2640 2214 2708 docere
2232 2629 2325 2724 possit

1367 2737 1459 2808 Cum
1492 2738 1599 2827 igitur
1628 2739 1673 2806 ab
1703 2739 1918 2828 amplissimo
1945 2738 2082 2811 Senatu
2105 2729 2328 2828 Ratisponensi

1369 2843 1413 2908 ad
1429 2841 1628 2908 docendum
1645 2834 1879 2928 Evangelium
1894 2854 2038 2911 vocatus
2055 2855 2164 2922 esset,
2196 2861 2259 2907 aea
2278 2855 2327 2900 no-

1369 2942 1423 3008 bis
1439 2941 1586 3029 petitum
1604 2953 1708 3020 esset,
1743 2954 1783 3009 ut
1797 2942 1998 3012 testimonio
2013 2943 2051 3009 in
2077 2938 2207 3012 scholis
2225 2938 2328 3006 usitate

1369 3043 1690 3123 cominendaretur,
1725 3042 1877 3112 libenter
1907 3034 2328 3130 honestamentum

1371 3155 1512 3233 propter
1528 3141 1680 3232 optimos
1696 3143 1805 3233 ipsius
1821 3167 1934 3212 mores
1950 3159 1984 3214 et
1999 3147 2167 3214 eximiam
2188 3135 2330 3212 enulitio-

1371 3269 1450 3311 nem
1482 3247 1593 3332 gradu
1623 3245 1825 3314 doctoratus
1855 3245 1891 3313 in
1917 3241 2115 3335 Theologia
2142 3240 2328 3315 ornavimus,

1369 3345 1476 3438 idque
1496 3339 1550 3414 his
1568 3345 1681 3413 literis
1695 3358 1882 3425 testamur,
1912 3360 1945 3415 et
1960 3344 2078 3416 Deum
2095 3361 2268 3420 aeternum
2281 3359 2327 3428 pt·

1370 3461 1456 3516 trem
1492 3445 1630 3516 domini
1664 3447 1776 3515 nostri
1811 3445 1890 3516 Iesu
1919 3443 2074 3532 Christi,
2115 3447 2276 3543 quoniam
2300 3435 2329 3502 ἱῐι

1367 3545 1550 3636 Evangelii
1583 3549 1697 3614 lucem
1729 3571 1808 3616 eum
1835 3549 1991 3620 traduxit
2015 3571 2055 3618 ac
2080 3551 2288 3622 voluntatem
2306 3533 2331 3604 tl

430 3669 498 3723 illud
509 3665 981 3736 Scbtitziusecodice'l'bomasiano,
997 3668 1042 3734 qui
1058 3668 1315 3739 posteafuittlum·
1367 3649 1483 3732 dedit,
1518 3662 1558 3717 ui
1582 3649 1638 3737 ple
1660 3649 1794 3717 servire
1808 3645 1983 3718 Ecclesiae
1999 3653 2138 3738 cupiat,
2164 3659 2332 3741 precamur,

428 3733 1316 3875 {fl‘pfflf(inussffllgffi{glussujffjip'fnssggssgpt'g‘lv’gffipfnpf·”4‘¹3‘gp
1367 3764 1406 3819 ut
1420 3750 1562 3818 adiuvet
1577 3774 1675 3828 earm,
1710 3763 1750 3818 ut
1764 3750 1999 3819 ministerium
2023 3752 2101 3822 eius
2125 3754 2171 3822 sit
2193 3747 2288 3819 foelix
2308 3751 2333 3806 et

430 3873 512 3928 Nunc
525 3873 568 3925 iile
582 3874 665 3926 codes
679 3883 718 3924 est
732 3872 759 3924 in
773 3869 897 3926 biblioth.
908 3871 1084 3942 Monacensi,
1100 3873 1145 3926 uhi
1161 3883 1198 3926 est
1212 3876 1274 3930 cod.
1287 3877 1315 3930 in
1368 3851 1538 3930 salmam,
1564 3851 1840 3942 sicutscriptum
1855 3866 1922 3924 esi:
1952 3849 2134 3936 Deusesi,
2161 3845 2333 3946 quitabu-

429 3941 585 4024 ΜΨ·
601 3938 718 4024 ''mil‘’
737 3949 762 3993 ‘⁸
776 3939 873 4040 ’,ΨΜ
902 3939 964 4022 ’993
982 3967 1015 3982 ··“
1050 3941 1192 4021 ⁵²¹t¹³¹²³⁰⁸
1205 3943 1313 4014 quidem
1341 3984 1343 4002 ¹
1368 3977 1412 4021 ua
1429 3952 1576 4020 velimus
1592 3953 1715 4035 efficit,
1746 3967 1781 4022 et
1805 3953 1950 4022 adiuvat
1970 3967 2011 4023 ut
2024 3956 2244 4044 perficiamus
2261 3935 2333 4032 duit

431 4013 535 4064 addidet
552 4011 793 4079 subscriptionem.
818 4007 856 4062 M.
899 4045 924 4076 .,
950 4027 968 4064 r.
980 4027 1003 4062 e.
1024 4009 1315 4080 blsrttnusLuthcrns,

429 4079 475 4134 sed
495 4099 523 4132 cr
545 4078 717 4141 coniecturae
747 4077 777 4130 in
796 4075 892 4132 codice
913 4096 969 4132 non
985 4078 1107 4132 babetur.
1149 4079 1314 4152 Quanquam
1340 4086 1343 4156 Ι
1367 4059 1430 4145 ῖῆς
1446 4049 1634 4138 ἒύὃθκίας,
1662 4055 1684 4125 i·
1704 4078 1733 4126 e.
1752 4055 1923 4147 Uldllqlla
1942 4054 2026 4126 fiant
2043 4057 2111 4147 lpsl
2128 4067 2234 4146 grabl-
2273 4044 2336 4116 Μῧ·

431 4157 518 4228 putem
533 4145 719 4201 testimouium
733 4145 760 4197 in
775 4145 865 4226 fronte
877 4146 956 4200 habet
970 4145 1197 4218 uomenltutherh
1214 4150 1314 4221 qnippe
1339 4169 1343 4257 p
1368 4157 1457 4223 xima
1488 4157 1583 4224 enim
1610 4177 1690 4246 pars
1716 4155 1853 4224 ceneris
1879 4149 2026 4225 humani
2088 4161 2248 4227 furem&
2268 4167 2336 4216 con.

314 4269 317 4276 ,
429 4216 477 4268 nto
494 4226 615 4282 tempore
625 4213 728 4268 Decani
743 4213 1100 4285 tacutusn'theotogorum,
1121 4219 1313 4271 tamenable-
1715 4207 1733 4244 Ὀ
2035 4212 2045 4241 ’

431 4283 560 4337 lantbone
580 4281 767 4352 conscriptum
787 4293 841 4354 est,
872 4285 918 4354 qui
937 4281 1067 4356 pleraque
1088 4286 1239 4342 testimonia
1261 4307 1314 4360 pu·
1340 4264 1344 4351 i
1368 4255 1676 4338 lemnflssnellms
1710 4257 1782 4327 mli
1805 4257 1843 4324 ln
1864 4258 2012 4340 Sceleri,
2044 4261 2177 4352 qulbus
2202 4246 2337 4325 borsili·

430 4353 500 4408 blica
513 4369 563 4405 ⁸¹¹⁰
576 4347 681 4405 ⁰⁸¹²¹¹¹⁰
695 4349 820 4406 exarasti.
1340 4358 1343 4468 Ξ
1368 4359 1449 4428 liter
1462 4358 1557 4428 Deus
1574 4358 1746 4429 irascitur.
1799 4357 1869 4428 Sed
1893 4383 1937 4426 ne
1958 4373 2071 4429 totum
2096 4381 2206 4450 genus
2229 4352 2336 4424 hum-

326 4509 503 4583 Dmmus
518 4502 683 4603 collegii
700 4501 914 4578 Facuppapps
934 4503 1111 4603 Theolog·
1137 4509 1175 4578 pn
1201 4505 1314 4580 ΑΜ
1341 4481 1344 4562 ι
1368 4485 1452 4527 ιιιιιιι
1469 4474 1598 4550 pereat,
1624 4460 1775 4550 excerpit
1789 4455 1885 4527 Deus
1902 4460 2038 4553 aliquos
2054 4462 2092 4530 in
2111 4459 2264 4531 Ecclesia
2279 4475 2337 4528 suro

335 4608 656 4706 Wittcnbergcnsi
670 4605 917 4678 Martinus
938 4603 1199 4690 Betthorus,
1226 4609 1314 4682 Do·
1341 4610 1343 4680 l

329 4725 420 4796 otor,
446 4711 602 4786 salutem
620 4708 708 4782 dicit
725 4707 894 4780 omnibus
909 4706 1055 4780 lecturis
1070 4705 1143 4781 iras
1162 4711 1315 4784 litteras.
1341 4681 1344 4754 l
1368 4664 1435 4780 lite
1459 4663 1652 4752 ⁵p⁸rgi¹¹¹¹3
1685 4674 1719 4730 οἱ
1739 4664 1845 4732 ’ῃώῙί
1865 4664 1910 4732 “d
1933 4664 2151 4754 ³8⁰l¹l⁰⁰⁰¹¹¹
2168 4661 2233 4732 Del
2256 4670 2284 4724 ‘¹
2303 4649 2336 4718 ³¹¹

1368 4778 1475 4832 vitam
1489 4779 1664 4833 aeternam
1678 4778 1867 4848 vocantur,
1894 4780 2038 4855 propter
2057 4789 2149 4858 quos
2173 4769 2338 4832 servantur

326 4847 622 4938 Petivitauohis
636 4861 876 4931 testimonium
900 4862 944 4929 de
969 4861 1041 4931 suis
1060 4862 1206 4947 studiis,
1237 4887 1315 4931 mo·
1368 4865 1528 4956 politiae,
1568 4889 1657 4958 quae
1686 4865 1775 4933 fiunt
1800 4859 1951 4956 hospitla
1974 4863 2164 4938 Ecclesiae.
2225 4859 2263 4930 ln
2284 4853 2338 4923 l¹⁰t

328 4971 426 5040 ribus
452 4980 484 5034 et
507 4967 618 5054 gradu
639 4965 695 5031 vir
718 4961 948 5046 venerabilis,
987 4962 1115 5050 pietate
1137 4978 1171 5033 et
1195 4967 1315 5032 erudi-
1367 4991 1515 5035 numero
1539 4989 1612 5033 esse
1626 4963 1894 5059 Hieronymum
1908 4960 2058 5062 Nopum
2076 4985 2275 5058 speramus,
2301 4965 2339 5034 tl,

328 5073 423 5141 tione
440 5066 619 5158 praeditus
638 5064 793 5154 egregia,
822 5058 955 5134 Ductor
968 5061 1218 5156 Hieronymus
1231 5059 1313 5137 No·
1367 5082 1405 5138 ut
1431 5091 1566 5158 semper
1590 5067 1620 5134 ei
1645 5069 1735 5137 adsit
1754 5065 1869 5152 Deus,
1908 5090 2045 5158 semper
2073 5093 2156 5138 eum
2184 5063 2339 5154 gubernet

325 5195 412 5270 pos:
447 5169 485 5238 id
505 5167 535 5236 ei
550 5189 687 5235 summa
705 5163 962 5254 impertivimus
978 5164 1170 5238 voluntate.
1220 5165 1309 5235 Cum
1365 5170 1491 5260 spiritu
1508 5183 1646 5252 structo,
1678 5193 1717 5238 ex
1735 5171 1855 5239 auimo
1872 5193 2066 5264 precamur.
2118 5167 2296 5240 Postremo
2311 5167 2339 5222 el

326 5275 421 5344 enim
445 5271 484 5338 in
502 5261 559 5338 his
572 5265 777 5356 regionibus
794 5279 828 5335 et
844 5265 881 5334 in
897 5259 963 5334 hae
980 5261 1168 5335 Academia
1186 5291 1309 5358 magua

326 5401 405 5446 curn
431 5373 535 5440 laude
558 5368 703 5452 vixerit,
744 5368 998 5460 comperimus,
1039 5391 1118 5434 eum
1143 5363 1310 5452 honestis,

324 5477 443 5562 castis,
467 5469 616 5568 placidis
632 5495 671 5539 ac
686 5467 756 5562 piis
769 5470 927 5540 moribus
943 5469 1143 5563 praeditum
1159 5491 1250 5558 esse,
1276 5484 1310 5545 et
1398 5501 1425 5572 ι)
1443 5497 1553 5554 saar„
1565 5495 1790 5568 mentorefiam.

1363 5365 1580 5381 Ἤ

2393 4041 2395 4100 l

1370 4587 1430 4652 per
1447 4585 1535 4653 qum
1551 4561 1717 4630 salmaria
1734 4562 1823 4630 fiunt
1833 4556 1876 4655 ¹),
1906 4586 1971 4653 per
1986 4587 2075 4655 quos
2090 4557 2274 4646 Evangelii
2290 4553 2336 4618 fur
2394 4595 2395 4602 ι
