4890 6250
421 1810 759 1904 ANNALES
797 1813 1018 1906 vluna}
1052 1814 1370 1908 PHILIPPI
1408 1818 1942 1914 MDDAN'I'HONIS.

1017 2256 1179 2335 ANNO
1215 2259 1346 2341 1543.

214 2509 223 2528 .
283 2461 349 2528 Sub
366 2465 454 2526 initio
470 2463 561 2526 huius
578 2466 650 2525 anni
665 2469 715 2526 vel
730 2479 860 2529 exeunte
876 2487 955 2530 anno
973 2469 1071 2539 1642
1086 2473 1225 2572 abrogato
1239 2485 1284 2535 est
1299 2471 1499 2553 Witebergae
1512 2476 1640 2537 elevatio
1657 2479 1691 2538 in
1707 2483 1788 2539 soors
1803 2498 1906 2542 coena.

215 2647 223 2662 .
283 2597 390 2664 Prodit
404 2595 478 2662 Mel.
494 2602 726 2662 commentarius
740 2603 773 2662 in
787 2597 925 2666 Danielis
938 2609 1090 2667 vaticinia.

284 2732 359 2798 Mel.
376 2732 527 2817 praefatur
542 2735 577 2794 in
593 2730 709 2796 Stifelii
725 2735 944 2808 arithmeticam
958 2751 989 2801 et
1006 2743 1039 2802 in
1053 2693 1439 2805 Atooranumliibliandri.

216 2921 225 2937 .
283 2867 357 2934 Mel.
369 2871 567 2952 proficiscitur
583 2861 733 2952 Lipsiam.
876 2836 880 2856 ⁶

218 3055 226 3070 .
284 3003 357 3068 lllel.
370 3005 449 3065 redit
463 3000 685 3086 Witebergam.

220 3185 228 3203 .
284 3141 378 3204 Fama
392 3139 528 3224 undique
541 3159 641 3220 sparsa
656 3143 689 3201 in
704 3134 883 3218 Germania,
910 3138 1067 3206 Gaesarem
1083 3147 1207 3227 periisse
1219 3147 1253 3205 in
1269 3141 1357 3206 undis
1370 3146 1460 3204 maris
1472 3144 1505 3203 in
1523 3142 1623 3205 reditu
1637 3165 1677 3206 ex
1692 3139 1811 3214 Africa.

216 3321 226 3342 .
284 3276 474 3340 Hermannus
494 3269 684 3358 Archiepisct
700 3272 890 3340 coloniensis
908 3281 1003 3358 petit,
1037 3287 1074 3340 ¹ut
1089 3275 1270 3341 Melanthon
1291 3283 1428 3340 mittatur
1451 3271 1614 3339 Coloniam
1631 3279 1670 3340 ed
1689 3283 1928 3362 promovendam
1952 3292 2194 3361 emendationem

336 3378 498 3463 locrorum.
511 3409 564 3422 ·--
614 3373 693 3439 Item
706 3381 783 3460 petit
796 3376 932 3442 Bucerus
946 3382 979 3441 in
993 3383 1088 3442 literis
1104 3383 1143 3444 ad
1155 3379 1329 3464 Principem
1342 3378 1513 3442 Electorem
1528 3382 1637 3447 missis.

284 3512 360 3578 Mel.
373 3513 564 3575 commendat
576 3509 777 3575 Northusenis
790 3487 949 3575 Ercsmrirn
961 3510 1123 3579 Alberum.

220 3693 228 3711 .
286 3648 421 3713 Comitia
432 3648 580 3709 habentur
594 3643 828 3728 Norimbergee,
853 3647 1039 3730 praesidibus
1056 3646 1244 3710 Ferdinando
1259 3667 1347 3730 rege,
1374 3658 1404 3708 et
1421 3641 1599 3726 Gronrells,
1627 3643 1760 3712 Caesaris
1775 3653 1883 3731 legato.

220 3832 232 3849 .
285 3784 360 3850 Mel.
376 3782 538 3866 respondet
552 3781 591 3842 sd
602 3785 726 3863 longam
741 3781 985 3844 deliberationem
998 3786 1138 3851 aulicam.
1184 3769 1187 3778 ’

218 3969 226 3984 .
289 3917 334 3984 Μ.
348 3918 386 3979 ed
401 3913 601 3998 Myconium:
630 3913 723 3995 „Nos
739 3919 782 3977 ita
798 3939 901 3979 snmus
916 3920 1016 3980 obruti
1029 3919 1199 3994 laboribus,
1224 3927 1259 3977 ut
1271 3935 1359 3996 saepe
1381 3914 1419 3974 de
1439 3913 1513 3996 fuge
1530 3915 1680 3998 cogitem,
1707 3935 1742 3978 ac
1765 3920 1823 3979 nisi
1846 3940 1894 3981 me
1910 3937 2045 3990 senectus
2067 3944 2097 3994 et
2118 3937 2196 3997 vitae

337 4023 484 4102 longioris
496 4019 662 4101 desperatio
676 4031 809 4099 teneret,
833 4023 959 4084 latebras
972 4025 1088 4106 aliquas
1104 4023 1278 4103 ubicunque
1294 4020 1581 4099 circumspectarem.
1591 4017 1608 4040 ''

220 4271 229 4291 .
286 4231 416 4296 Moritur
432 4226 559 4292 loannes
573 4226 698 4294 Ecltius.

218 4410 228 4427 .
287 4365 408 4432 Laudes
423 4360 545 4437 loannis
560 4362 699 4448 Stigelii,
725 4371 849 4446 poetae,
876 4367 978 4428 scribit
994 4365 1033 4426 cd
1050 4359 1219 4446 Georgium
1234 4360 1450 4426 Anholtinum.

219 4545 229 4562 .
287 4501 468 4581 Mauritius,
493 4497 570 4562 Dux
584 4495 718 4577 Saron,
742 4498 888 4580 declarat,
914 4521 946 4562 se
959 4501 1043 4561 nolle
1061 4500 1199 4562 accedere
1211 4459 1249 4562 ad
1262 4495 1382 4562 Foedus
1399 4492 1552 4559 Sohmalo.

219 4679 227 4697 .
288 4636 364 4706 Mel.
380 4637 483 4700 scribit
497 4635 535 4696 ad
549 4628 712 4695 Albertum
727 4629 846 4698 Ducem
860 4633 998 4698 Prussiaa
1012 4633 1050 4695 de
1064 4647 1143 4696 recte
1158 4633 1349 4696 instituendis
1362 4635 1504 4696 ecclesiis.

221 4812 229 4830 .
288 4771 434 4852 Dubitat,
460 4791 499 4832 an
512 4768 661 4832 conducet
675 4771 732 4830 iter
744 4768 842 4832 facere
855 4769 893 4832 ad
908 4765 1184 4853 Archiepiscopum
1201 4764 1426 4832 coloniensem.
1478 4762 1570 4848 (vid.
1586 4770 1677 4830 etiem
1692 4788 1741 4851 ep.
1756 4768 1794 4830 ad
1809 4765 1957 4834 Comeret.
1977 4773 2009 4837 d.
2025 4773 2058 4841 4.
2068 4773 2173 4870 Mart.)

159 4895 243 5072 hi?
288 4979 479 5046 sententiam
493 4999 580 5041 suem
593 4991 622 5039 et
636 4971 768 5040 Lntheri
784 4978 821 5041 de
835 4979 979 5042 descensu
995 4976 1110 5044 Christi
1125 4979 1163 5041 ed
1176 4977 1290 5040 inform
1303 4979 1416 5044 wibli-

260 5165 266 5284 Ι
287 5115 363 5180 Mel.
379 5115 419 5178 cd
434 5109 551 5176 Antcn.
568 5109 708 5175 Musoni:
737 5111 846 5195 „Mihi
858 5117 892 5177 in
905 5119 975 5178 aula
986 5117 1138 5178 columnia
1155 5115 1281 5196 insignis
1297 5111 1452 5176 subeunda
1465 5110 1544 5190 init,
1569 5121 1727 5193 propterea
1749 5114 1831 5196 quod
1848 5119 1970 5198 rogavi,
1999 5130 2032 5180 ut
2056 5121 2093 5182 de
2115 5121 2200 5184 ordi-

340 5221 463 5282 nouom
475 5220 552 5278 ratio
567 5207 728 5280 inirnur.''
1088 5247 1090 5251 ’
1206 5259 1208 5263 ,

24 5325 25 5332 i
65 5423 76 5433 .
176 5367 227 5428 to.
289 5351 388 5418 Mittit
400 5351 478 5416 Vito
493 5349 658 5414 Theodoro
674 5355 889 5415 conciuncules
904 5351 942 5413 dc
957 5349 1053 5417 Persio
1069 5364 1099 5415 et
1115 5347 1285 5435 Polycarpo
1303 5360 1333 5411 et
1346 5349 1582 5431 explicationem
1597 5346 1635 5408 de
1653 5348 1815 5430 bsptismo.

176 5499 230 5564 26.
288 5487 453 5574 Myconius
469 5489 572 5550 scribit
586 5484 778 5550 Melcnthoni
794 5487 832 5550 de
848 5499 927 5551 statu
940 5485 1142 5552 Ecclesiernm
1156 5489 1190 5550 in
1206 5471 1386 5568 Thuringie.

208 5595 387 5662 Mrnrrrrs.
400 5589 505 5656 Orrn.
533 5587 673 5655 Vonv.
1416 5579 1441 5648 b
