4776 6260
69 347 143 424 oos
644 329 1093 418 tetstontlttttt
1146 335 1254 417 tta.
1284 333 1349 418 tx.
1399 327 1534 414 ross
2034 345 2111 420 oto

67 516 270 592 Concilium
298 510 494 588 Nicaenum
524 506 687 584 condidit
718 510 828 603 pium¹
846 518 882 580 et
908 507 1061 578 salntmc
1112 506 1309 602 Videlicet,
1344 506 1441 606 quod
1469 507 1704 608 certissima⁷)
1732 503 1861 588 veritas
1885 519 1948 604 sit,
1979 541 2102 589 omnes

67 621 290 718 symbolum,
323 619 368 688 ad
390 615 613 688 retinendam
637 636 764 705 puram
782 608 974 700 Evangelii
995 611 1062 678 do-
1112 608 1275 682 homiues
1313 637 1355 683 ex
1395 613 1492 680 virili
1531 615 1663 684 semine
1697 633 1903 712 conceptos,
1953 643 2101 691 nascen-

68 722 223 796 ctrinam
241 721 284 790 de
297 719 371 788 lilio
379 715 459 792 Dei.
490 713 570 787 Etsi
585 729 703 786 autem
720 714 759 782 in
770 711 926 807 Synodis
937 733 1062 781 recen-
1112 729 1163 786 tes
1181 715 1320 785 adferre
1337 737 1453 784 secum
1473 729 1655 804 peccatum
1672 717 1836 810 originis,
1860 746 1900 791 ac
1916 737 2100 815 propterea

69 827 163 900 tium
181 837 401 914 temporum,
424 833 459 890 et
475 813 582 888 huius
596 817 742 888 ultimae
759 825 918 884 senectae
934 811 1062 882 muudi
1111 839 1236 894 omnes
1250 810 1428 900 homines,
1454 816 1516 908 qui
1534 839 1607 885 uon
1623 819 1834 892 adferuntur
1848 824 1894 893 ad
1908 819 2101 910 Christum,

69 951 174 1020 caepe
199 935 351 996 tentatae
380 933 464 992 sunt
486 917 770 1002 reformationes,
802 928 922 986 tamen
949 913 988 982 ln
1011 912 1062 982 eis
1112 931 1148 986 et
1164 941 1238 988 non
1254 931 1507 1008 regenerantur
1527 941 1592 1009 per
1611 919 1825 1010 baptismum
1842 919 1893 1017 ⁸),
1916 929 2101 999 damnatos

68 1030 196 1120 exigcra
210 1024 346 1096 mentio
361 1024 451 1094 lacta
466 1035 519 1092 cst
532 1019 714 1092 doctrinae
729 1015 955 1102 necessariae,
978 1037 1060 1086 cum
1112 1043 1204 1105 esse,
1222 1041 1262 1090 ac
1275 1043 1419 1091 manere
1432 1031 1511 1089 reos
1523 1019 1597 1089 irae
1609 1018 1678 1090 Dei
1692 1036 1865 1100 aeternae.

68 1130 300 1206 manifestum
321 1125 367 1196 sit
385 1124 519 1196 mccltos
545 1124 676 1194 abusus
701 1117 901 1213 irrepsisse,
930 1115 1062 1212 quibus
1213 1118 1313 1195 ltem.
1363 1119 1522 1191 lniantes
1543 1121 1774 1212 baptizandos
1800 1147 1891 1212 esse,
1916 1140 2097 1197 eteorum

70 1229 261 1320 Evangelii
278 1229 339 1300 lux
352 1227 538 1298 obscurata
551 1224 631 1298 fuit.
1017 1231 1019 1240 ’
1112 1221 1328 1314 baptismum
1345 1221 1483 1314 placere
1504 1219 1597 1308 Deo,
1624 1237 1659 1294 et
1679 1225 1853 1296 efficacem
1875 1251 1965 1310 esse,
1989 1251 2028 1300 ac
2043 1253 2101 1298 re-

1 1410 2 1416 ,
161 1331 354 1425 Postquam
372 1339 489 1400 autem
505 1325 705 1396 defensores
721 1321 868 1418 quidam
884 1320 1060 1392 abusuum
1114 1325 1183 1416 cipi
1199 1347 1258 1394 eos
1273 1325 1312 1393 in
1329 1323 1492 1414 gratiam.
1519 1325 1647 1396 donari
1663 1324 1801 1417 Spiritu
1814 1328 1852 1403 S.
1869 1341 1904 1402 et
1925 1331 2001 1400 lieri
2016 1325 2102 1400 bae-

1 1437 2 1442 ’
69 1452 157 1512 ante
178 1454 292 1504 annos
316 1432 388 1502 lere
410 1427 555 1518 triginta
579 1426 801 1498 occasionem
823 1424 1064 1516 praebuerunt
1113 1428 1214 1496 redes
1227 1427 1321 1496 vitae
1336 1440 1496 1496 aeternae
1510 1449 1573 1517 per
1588 1427 1815 1518 baptismum.

70 1537 220 1615 taxandi
245 1555 401 1612 errores,
433 1531 625 1602 clementer
644 1525 742 1598 Deus
763 1525 803 1596 in
830 1519 896 1596 hac
918 1522 1064 1616 opinio·
1215 1524 1317 1600 Item.
1367 1525 1555 1598 Peccatum
1577 1528 1724 1618 originis
1741 1553 1815 1601 esse
1834 1533 2025 1603 carentiam
2044 1534 2100 1605 iu·
2138 1611 2144 1619 ,

69 1665 166 1715 num
199 1634 387 1710 collatione
417 1631 572 1704 restituit
603 1626 791 1720 Evangelii
822 1626 938 1698 lucem
955 1621 992 1722 ⁸)
1024 1623 1064 1694 in
1114 1626 1228 1700 stitiae
1250 1627 1451 1719 originalis,
1482 1651 1573 1722 quae
1597 1630 1748 1704 debebat
1769 1633 1895 1709 inesse.
1945 1632 1994 1706 Et
2014 1631 2100 1706 haec

1 1752 2 1805 ξ
70 1742 244 1818 omnibus
266 1735 445 1820 articulis,
475 1730 679 1804 necessariis
704 1733 748 1801 ad
778 1729 927 1800 salutem
950 1737 1065 1798 aeter·
1114 1730 1270 1802 carentia
1292 1743 1342 1800 est
1360 1742 1494 1816 reatus,
1517 1743 1553 1800 et
1568 1731 1771 1822 depravatio
1784 1735 1916 1807 virium
1934 1733 2100 1824 hominis,

1 1859 3 1865 “
69 1868 181 1922 nam,
206 1843 250 1911 dc
271 1839 402 1934 quibus
422 1829 648 1906 exhibuimus
665 1829 851 1904 Caesareae
872 1827 962 1903 Mai.
978 1851 1065 1898 cou-
1114 1832 1247 1902 scilicet
1269 1832 1415 1916 mentis,
1437 1832 1630 1903 voluntatis
1655 1847 1691 1904 ct
1713 1837 1846 1922 cordis,
1870 1841 1966 1932 quem
1980 1833 2011 1931 ⁰)
2035 1866 2100 1910 vo-

68 1947 265 2021 sessionem
286 1943 465 2030 Augustae
489 1959 584 2008 anno
611 1932 720 2008 1550.
769 1930 813 2002 ln
836 1955 906 2026 qua
927 1931 1065 2001 couies-
1115 1933 1233 2005 luntas
1257 1955 1377 2004 aversa
1399 1947 1450 2004 est
1470 1929 1601 2014 alico,
1626 1949 1662 2006 et
1684 1934 1919 2011 involuntate
1940 1955 1973 2014 et
1995 1947 2101 2012 cordo

71 2052 177 2124 sione
212 2042 394 2116 doctrinae
427 2037 504 2111 Deo
538 2039 701 2121 iuvante,
746 2032 1065 2127 perseverabimus,
1115 2050 1168 2106 est
1189 2055 1298 2127 prava
1319 2033 1505 2106 inclinatio
1524 2035 1692 2108 adversus
1714 2037 1826 2130 legem
1845 2037 1933 2128 Dei,
1955 2059 2103 2136 propter

73 2153 171 2226 siem
188 2147 248 2216 illa
266 2147 386 2214 dextre
407 2155 442 2212 et
464 2141 541 2212 sine
562 2137 814 2232 depravatione
835 2133 1066 2224 intelligenda
1116 2161 1205 2231 quac
1219 2137 1325 2221 mala,
1342 2135 1507 2206 videlicet
1522 2152 1667 2229 propter
1682 2155 1818 2211 reatum
1831 2156 1866 2212 et
1882 2146 2102 2216 aversionem

1 2247 2 2250 '
73 2267 144 2336 est,
170 2264 203 2321 et
217 2248 256 2316 in
270 2243 437 2318 Ecclesiis
452 2242 583 2314 nostris
597 2238 821 2328 intelligitur.
869 2234 1066 2322 Nouenim
1116 2240 1216 2308 illam
1247 2263 1267 2308 a
1299 2235 1391 2323 Deo,
1423 2261 1464 2308 nc
1492 2239 1780 2330 depravationem
1808 2245 1961 2327 virium,
1993 2241 2100 2318 homo

74 2353 283 2430 dubitamus
309 2347 408 2417 illam
437 2345 636 2421 doctrinam
662 2354 866 2412 nostrarum
888 2333 1066 2408 Ecclesia·
1116 2342 1304 2411 damnatus
1323 2353 1394 2424 est,
1420 2335 1673 2412 nisiliberctur
1689 2349 2077 2434 perregenerationcm.

78 2479 165 2528 rum
187 2463 280 2520 certo
302 2441 416 2543 esse⁸)
439 2447 597 2531 unicam,
620 2457 817 2526 aeternam,
842 2438 1067 2510 consentien-
1218 2439 1314 2512 Haec
1336 2441 1509 2512 sententia
1527 2441 1604 2511 sine
1624 2443 1698 2514 ulla
1721 2445 1944 2519 dubitatione
1965 2474 2103 2544 semper

75 2575 154 2631 tem
170 2552 366 2624 doctrinam
384 2571 485 2642 verae
507 2562 542 2618 et
563 2541 754 2616 catholicae
769 2537 947 2612 Ecclesiae
961 2533 1068 2609 Chri·
1116 2545 1187 2616 suit
1204 2539 1396 2614 catholicae
1412 2539 1589 2612 Ecclesiae
1604 2541 1683 2629 Dei,
1706 2542 1977 2638 Prophetarum,
2003 2550 2103 2645 Ap...

76 2659 145 2742 sti,
178 2653 342 2726 traditam
369 2672 434 2742 per
454 2643 668 2741 Prophetas,
701 2639 884 2716 Christum
911 2655 946 2711 et
967 2635 1069 2731 Apo-
1117 2648 1292 2719 stolorum
1318 2658 1352 2715 et
1373 2645 1585 2736 scriptorum
1598 2641 1926 2721 Ecclesiasticorum
1951 2679 2102 2726 consen-

74 2762 210 2843 stolos,
235 2769 271 2825 et
284 2765 535 2843 congruentem
551 2773 631 2820 cum
650 2745 838 2842 symbolis,
862 2737 1068 2842 Apostolico
1119 2749 1211 2820 tiens
1234 2746 1417 2831 doctriua,
1448 2746 1609 2818 detristi
1638 2761 1673 2820 et
1699 2751 1919 2843 deplorando
1945 2757 2104 2847 vulnere,

75 2879 117 2936 et
134 2861 308 2941 Nicaeno,
332 2869 365 2926 et
379 2853 557 2925 veteribus
569 2851 637 2942 piis
654 2848 822 2945 synodis,
848 2858 883 2916 et
896 2843 1069 2915 sententie
1119 2852 1216 2946 quod
1233 2845 1399 2926 humana
1410 2862 1535 2920 natura
1551 2851 1682 2942 accepit
1697 2850 1736 2922 in
1751 2851 1852 2946 lapsu
1866 2852 1977 2929 Adae.

74 2963 209 3038 veteris
227 2974 263 3032 et
277 2957 432 3051 purioris
446 2950 634 3026 Ecclesiae.
1220 2949 1329 3041 Quod
1342 2973 1426 3020 vero
1442 2950 1556 3044 aliqui
1570 2951 1777 3024 labefactare
1790 2968 1948 3029 nostram
1964 2975 2107 3034 senten-

184 3062 306 3154 Qnare
323 3073 357 3131 et
371 3056 606 3128 necessarium
628 3075 702 3123 esse
715 3049 898 3136 ducimus,
922 3048 968 3118 ad
992 3046 1070 3136 glo-
1119 3053 1205 3124 tiam
1226 3054 1266 3123 in
1285 3049 1353 3124 hoc
1367 3052 1517 3123 articulo
1536 3054 1702 3124 audacter
1722 3072 1917 3146 conantur,
1942 3063 2033 3133 male
2052 3067 2107 3136 fa-

75 3170 157 3244 riae
180 3163 250 3238 Dei
272 3159 562 3243 illustrationem,
586 3157 632 3226 <td
656 3178 774 3224 teram
799 3150 1071 3235 issv⁰fflll0ssemv
1120 3155 1238 3240 ciunt,
1261 3177 1301 3225 ac
1316 3155 1521 3224 manifestae
1537 3155 1675 3228 veritati
1691 3161 1949 3242 contradicunt.
1972 3179 2005 3234 et
2020 3191 2106 3238 con-

77 3274 127 3346 ad
144 3270 291 3340 salutem
307 3263 544 3355 plurimorum
558 3253 767 3340 homiuum,
789 3255 834 3324 ad
850 3251 1070 3324 excitandam
1119 3257 1263 3326 firmant
1277 3256 1437 3327 tenebras
1456 3256 1495 3323 in
1508 3257 1703 3328 multorum
1716 3262 1908 3347 mentibus,
1933 3287 1978 3335 ue
1997 3290 2107 3356 agno-

80 3388 120 3446 et
141 3367 419 3442 confirmandam
440 3385 560 3432 veram
582 3359 709 3444 fidem,
730 3370 764 3427 et
787 3378 906 3426 veram
926 3353 1071 3422 invoca-
1120 3371 1219 3428 scant
1232 3355 1318 3450 quid
1335 3357 1380 3427 sit
1399 3369 1600 3447 peceatum,
1627 3381 1693 3429 nec
1708 3360 1844 3432 discant
1860 3365 1947 3456 quid
1963 3367 2008 3438 sit
2026 3393 2106 3459 gra.

80 3477 218 3550 tiouem
241 3471 281 3540 in
303 3465 471 3560 posteris,
496 3475 536 3534 ut
556 3459 730 3532 sententia
745 3455 927 3528 doctrinae
940 3475 1072 3523 sonans
1120 3461 1171 3530 tia
1185 3471 1221 3528 et
1236 3459 1334 3530 fides.
1385 3456 1475 3525 Nam
1492 3481 1534 3525 er
1549 3458 1611 3526 illa
1626 3460 1809 3530 aversione
1825 3487 1846 3534 a
1860 3461 1956 3550 Deo,
1980 3471 2106 3541 orion.

1 3596 3 3612 ’
81 3581 126 3650 in
148 3571 314 3646 Ecclesiis
335 3566 482 3651 nostris,
515 3555 768 3654 comprehensa
789 3559 829 3628 in
854 3556 1072 3627 confessione
1121 3573 1180 3632 tue
1195 3555 1282 3629 haec
1296 3558 1454 3648 ingentia
1472 3559 1564 3628 mala
1579 3559 1618 3628 in
1635 3553 1800 3632 humanis
1815 3567 2013 3656 mentibus,
2038 3577 2106 3645 du.

80 3690 210 3754 nostra
241 3687 276 3744 et
298 3664 547 3753 Catechismis,
579 3662 804 3736 concorditer
834 3659 874 3728 in
905 3657 1073 3728 omnibus
1120 3661 1245 3733 bitatio
1259 3661 1304 3732 de
1318 3660 1502 3730 voluntate
1516 3656 1596 3744 Dei,
1621 3661 1791 3735 securitas
1806 3669 1969 3756 camelis,
1988 3676 2107 3764 neglc-

79 3774 256 3855 Ecclcsiis
269 3773 400 3866 populo
420 3771 581 3841 tradatur
597 3781 633 3838 et
652 3773 884 3858 propagetur,
908 3759 1074 3830 videlicet
1121 3765 1190 3835 ctio
1200 3761 1281 3844 Dei,
1298 3785 1371 3832 esse
1384 3761 1461 3831 sine
1477 3775 1574 3832 metu
1589 3775 1624 3833 et
1637 3765 1715 3835 sine
1730 3765 1921 3842 dilectione
1929 3768 2009 3858 Dei,
2031 3803 2108 3848 cna.

81 3885 132 3956 de
147 3875 315 3950 omnibns
327 3871 502 3957 articulis,
522 3869 612 3940 sicut
631 3867 670 3936 in
687 3863 850 3962 symbolo
866 3857 1073 3954 Apostolico
1120 3867 1172 3958 gis
1189 3865 1364 3936 confidere
1386 3863 1571 3955 praesidiis
1590 3867 1834 3954 praesentibus
1850 3895 1939 3966 quae
1955 3899 2108 3948 cernun-

84 3998 122 4058 et
137 3981 295 4052 Nicaeno
318 3967 564 4066 comprehensi
585 3982 620 4040 et
641 3965 777 4038 reciuti
800 3977 901 4049 sunt,
926 3977 961 4032 et
983 3961 1076 4032 sicut
1122 3982 1199 4054 tur,
1229 3990 1333 4060 mam
1354 3965 1529 4034 confidere
1544 3962 1632 4040 Deo.
1685 3964 1883 4042 Fatendum
1906 3987 1957 4045 est
1980 3993 2107 4068 autem,

1 4132 3 4146 .
87 4085 146 4156 itti
160 4081 226 4176 ipsi
241 4077 381 4150 articuli
397 4075 435 4144 in
451 4072 628 4145 veteribus
641 4067 709 4161 piis
723 4065 889 4162 Synodis,
907 4061 1075 4148 Nicaena,
1122 4064 1208 4141 baec
1224 4066 1379 4158 ingentia
1392 4065 1574 4136 malavere
1587 4087 1659 4136 esse
1674 4085 1824 4161 peccata.
1849 4071 1897 4146 Et
1906 4100 2108 4169 repugnan.

89 4178 492 4272 Constantinopolitana,
516 4167 712 4264 Ephesina,
733 4182 767 4239 et
782 4163 1076 4250 Chalcedonensi,
1123 4173 1210 4242 dcem
1232 4181 1284 4239 esc
1307 4162 1364 4236 his
1393 4167 1529 4237 morbis
1552 4169 1773 4258 animorum,
1806 4179 1902 4269 quod
1929 4179 2004 4249 fieri
2032 4208 2107 4254 110„

91 4299 184 4358 recte
199 4299 232 4358 et
246 4280 440 4354 necessaria
455 4274 680 4346 enarratione
697 4267 863 4342 illustrati
881 4280 975 4342 sunt.
1066 4312 1071 4322 ·
1123 4283 1250 4366 potest,
1270 4270 1455 4340 obscurata
1467 4288 1549 4340 vers
1562 4270 1723 4344 doctrina
1733 4275 1778 4344 de
1794 4292 1934 4368 peccato
1950 4283 2108 4373 originis.

191 4385 239 4460 Ec
254 4386 299 4456 ad
318 4379 567 4470 intelligendos
584 4373 753 4444 articulos
769 4369 1013 4466 symbolorum
1031 4365 1076 4436 de
1223 4371 1394 4466 Sequitur
1407 4371 1536 4441 deinde
1548 4371 1717 4445 articulus
1731 4376 1775 4447 de
1789 4379 1921 4468 gratia,
1944 4385 2036 4456 etde
2052 4410 2108 4456 re.

83 4485 233 4566 Christo
255 4501 289 4558 et
309 4486 354 4554 de
375 4479 556 4551 immensis
573 4473 770 4557 beneficiis,
796 4493 885 4566 quac
900 4465 1076 4540 Ecclesiae
1124 4473 1292 4546 missione
1312 4487 1553 4564 peccatorum,
1577 4475 1739 4547 videlicet
1752 4483 1921 4576 consequi
1945 4478 2107 4559 homines

83 4605 237 4691 propter
255 4583 439 4660 Christum
466 4582 618 4663 dantur,
648 4573 843 4646 necessaria
864 4583 916 4642 est
937 4584 972 4642 et
992 4569 1077 4640 reli·
1124 4573 1367 4648 remissionem
1395 4587 1638 4664 peccatorum,
1669 4579 1833 4670 gratiam,
1868 4595 1904 4654 et
1933 4583 2106 4677 Spiritum

80 4715 243 4792 quorum
263 4687 494 4759 articulorum
508 4703 590 4750 vera
611 4676 786 4768 cognitio,
815 4673 878 4769 qui
892 4693 1078 4743 recensen·
1124 4677 1163 4751 S.
1178 4697 1241 4748 seu
1256 4675 1497 4762 reconciliari,
1520 4679 1677 4768 reputari
1698 4680 1809 4751 iustos
1832 4694 1867 4752 et
1887 4683 1962 4754 fleri
1987 4682 2108 4761 haere-

80 4815 152 4872 tur
168 4795 205 4864 in
221 4788 458 4871 consessione,
483 4785 528 4859 dc
542 4792 684 4874 peccato
700 4777 867 4868 originis,
891 4775 936 4846 de
956 4773 1079 4865 gratia,
1127 4779 1189 4850 des
1207 4777 1301 4848 vitae
1324 4791 1503 4858 aeternae,
1536 4801 1610 4849 non
1632 4793 1778 4872 propter
1799 4784 1924 4854 merita
1946 4793 2109 4880 proprio.

78 4902 135 4975 de
160 4898 249 4981 fide,
282 4892 327 4963 dc
352 4888 458 4961 bonis
483 4883 670 4980 operibus,
703 4879 808 4952 etde
832 4875 1079 4952 Sacramentis.
1125 4905 1206 4952 rum
1224 4875 1458 5051 ¹⁸)fiqpernrn,
1490 4880 1550 4949 sed
1579 4893 1726 4972 propter
1751 4883 1980 4958 mediatorem
2002 4888 2108 4964 Chri·

1126 4998 1240 5068 stum,
1314 5005 1386 5054 cru
1401 5001 1529 5072 speum.

78 5094 316 5126 ...ιιι-ι

120 5227 359 5305 ⁵)1m11’s2·
379 5227 553 5284 ‘mrim'-
1160 5243 1188 5310 a)
1208 5235 1644 5308 maerensmaerens..

123 5321 155 5389 6)
176 5325 250 5372 certo
262 5309 392 5397 euelssic
405 5307 513 5388 scripsit
524 5303 601 5372 atet,
618 5301 663 5358 sed
674 5293 847 5382 Eurcbardrs
859 5293 956 5349 verbra
968 5297 1003 5346 ds
1016 5293 1079 5372 qpi·
1161 5327 1190 5394 3)
1208 5325 1392 5394 mmm]
1410 5323 1474 5378 pn·
1488 5323 1624 5390 &mm
1634 5333 1776 5384 sm

159 5389 212 5510 iili
224 5362 1079 5521 Ethitmmssuiaemilhillmmicgu‘liusdliiiidm·
1161 5409 1191 5478 ⁹)
1209 5411 1297 5480 ΨΜ]
1315 5407 1379 5464 Per.
1402 5409 1478 5462 Nem
1489 5409 1519 5460 in
1531 5415 1625 5461 rame
1637 5415 1681 5462 est
1692 5409 1780 5478 edvgo
1791 5411 1827 5466 ds
1838 5411 1917 5480 0003
1935 5427 1972 5473 er.

160 5523 371 5590 antepones
384 5529 464 5570 sono
476 5509 561 5576 15⁸⁰..
573 5523 662 5580 quem
673 5521 734 5564 noo
744 5501 995 5558 senmurum
1005 5513 1077 5554 esse.
1164 5493 1211 5560 1⁰)
1228 5493 1429 5560 propriam}
1448 5489 1512 5546 Ρη,
1528 5491 1678 5546 mm,

83 5605 275 5674 mercna
290 5597 398 5664 Ocu.
410 5591 494 5660 Vos.
507 5589 551 5655 V.
1270 5563 1321 5638 89
