4864 6244
110 353 187 432 898
692 339 1129 422 EPISTOLARUM
1186 341 1388 422 LlB.1X.
1444 341 1578 424 1546.
2035 339 2158 418 'stt

110 525 132 602 ὃ
151 516 352 624 ἀρχιερεύς,
368 546 443 594 non
456 520 705 612 negligendam
722 519 943 590 occasionem
959 539 1033 588 esse
1052 541 1110 588 re-
1158 537 1255 590 osuw
1270 517 1409 604 Caroli,
1431 540 1556 588 suasor
1571 531 1643 606 est,
1663 530 1703 590 ut
1710 515 1862 592 Carolus
1878 516 1953 587 lilio
1968 517 2029 589 det
2043 516 2154 588 liliam

111 631 311 704 stituendae
337 626 538 698 communis
560 623 788 709 concordiae,
827 634 1014 714 postquam
1038 619 1109 689 iam
1156 621 1249 711 regis
1265 619 1398 692 Gallici
1414 645 1572 692 uxorem.

110 734 256 806 tandem
283 741 481 822 congruant
508 729 661 798 duorum
683 725 886 817 principum
909 715 1045 794 Caroli
1075 735 1110 791 et

112 834 245 906 Gallici
271 833 364 922 regis
388 832 610 914 voluntates,
636 842 670 900 et
693 823 733 898 hi
756 827 887 920 pariter
909 827 1107 904 ostendant,
1185 859 2156 876 ----—------------·—-----—-----·

110 963 147 1009 se
169 937 360 1007 collaturos
379 935 526 1007 consilia
552 946 586 1003 et
605 932 696 1002 vires
712 933 756 1001 ad
774 929 912 1024 Synodi
929 929 1108 998 defensio·

111 1065 206 1113 nem.
245 1037 390 1110 Utinam
406 1037 551 1131 quidem
567 1035 688 1104 liceret
702 1034 823 1102 videre
837 1031 1022 1126 Synodum
1038 1027 1108 1102 οὐκ
1164 1022 1232 1094 Νο.
1247 1023 1359 1096 8819.
1993 1035 2053 1097 80.
2070 1025 2152 1096 Nor.

111 1136 232 1216 οὖσαν
248 1135 393 1239 ἀγορὰν
408 1130 612 1235 κερκώπων
619 1188 630 1222 ,
655 1135 726 1206 Sed
742 1135 797 1204 vel
810 1134 1035 1205 mediocriter
1051 1155 1108 1202 sa·
1973 1119 2145 1149 Μ

112 1269 243 1316 norum
266 1265 490 1334 congressum
514 1254 548 1310 et
576 1241 665 1309 bene
688 1239 907 1330 cupientium
929 1234 1107 1307 Ecclesiae
1572 1223 1744 1310 Eidem,

109 1349 194 1422 Del·
246 1344 285 1418 Sl
304 1347 389 1438 quill
407 1339 584 1414 haedere
607 1338 970 1431 significabussivobls
991 1338 1107 1422 amiel,
1206 1363 1340 1438 Ephmd
1353 1365 1889 1439 camempssahq·(essonffifflh
1906 1362 1954 1421 pp¹
1973 1363 2095 1439 pm).

111 1474 242 1546 quaeso
260 1462 300 1519 ut
316 1445 420 1516 nohis
434 1444 625 1538 impertias.

214 1551 321 1622 Mitto
350 1541 584 1640 Epitaphium
616 1567 636 1612 a
669 1536 829 1634 Stigelio
860 1541 1107 1634 compositum,
1154 1519 1379 1598 Clarissimo
1404 1525 1481 1598 viro
1507 1523 1710 1599 eruditione
1735 1538 1766 1598 et
1792 1529 1922 1600 virtute
1942 1525 2155 1646 proestonti

111 1659 160 1728 ita
189 1667 230 1724 ut
263 1652 301 1719 in
325 1649 484 1720 tabulam
509 1668 655 1716 aeneam
678 1643 790 1713 incidi
812 1643 934 1736 possit.
997 1642 1106 1713 Volui
1257 1624 1506 1701 Ioatdt'mo
1533 1619 1654 1702 Cam.
1680 1631 1893 1702 amicosne
1920 1653 2051 1705 cartss.

111 1756 259 1830 omnino
289 1751 399 1820 inseri
433 1749 636 1844 aliquorum
661 1746 921 1864 discipulorum
949 1747 1106 1832 nomina,
1153 1737 1198 1829 S
1225 1758 1269 1834 1),
1321 1761 1908 1856 petamusetexpecpemusanffi
1926 1776 2153 1854 aetemopa.

110 1875 151 1932 ut
169 1857 292 1927 merita
307 1853 377 1922 viri
391 1847 560 1946 optimi¹)
578 1871 688 1939 magis
703 1849 1003 1940 conspicerentur.
1036 1847 1106 1918 Fa·
1154 1876 1209 1933 tre
1234 1864 1371 1934 domini
1394 1864 1508 1934 nostri
1535 1864 1612 1936 lesu
1634 1862 1770 1939 Christi
1795 1865 2053 1958 mitigationem
2084 1887 2152 1936 no-

111 1977 166 2032 cta
198 1971 249 2028 est
277 1956 387 2046 igitur
416 1954 550 2024 mentio
579 1952 649 2036 tui,
682 1965 716 2022 et
738 1945 896 2021 Asconii
924 1951 1106 2043 principis.
1155 1981 1309 2036 semum
1338 1989 1610 2050 aerumnarum,
1651 1985 1798 2063 propte„
1820 1970 1934 2039 filium
1959 1969 2022 2062 qui
2045 1967 2151 2038 dixit.

111 2063 184 2134 Nec
198 2060 304 2130 velim
323 2080 378 2126 res
404 2057 545 2130 mutari.
608 2047 691 2124 Ate
708 2077 837 2144 paucos
854 2052 1011 2124 Graecos
1026 2076 1107 2122 ver·
1154 2059 1388 2162 οὐχᾶρπάζει
1401 2049 1456 2150 τίς
1470 2061 1645 2162 πρόβατα
1658 2067 1706 2142 τὰ
1724 2067 1795 2164 ἐμὰ
1810 2062 2050 2166 ἐκτῆςχειρός
2063 2093 2150 2164 μου,

110 2188 169 2234 sus
185 2165 313 2245 factos,
337 2159 442 2228 velim
460 2159 499 2228 in
515 2157 663 2228 eandem
679 2157 791 2226 incidi
809 2156 979 2230 tabulam.
1005 2154 1106 2229 Vale.
1154 2195 1244 2264 quae
1259 2195 1316 2238 me
1332 2195 1400 2239 vox
1416 2169 1454 2238 in
1470 2171 1608 2259 magnis
1623 2173 1776 2244 dolorib.
1790 2195 1893 2264 saepe
1912 2173 2032 2246 erexit.
2085 2169 2154 2242 His

108 2265 218 2336 Μὶῑῑθ
239 2262 412 2356 pagellam
436 2263 479 2330 de
500 2255 650 2330 hi⁵l⁰ri³
666 2252 796 2328 h⁰fflffl
813 2258 974 2344 ‘limma
999 2281 1106 2351 (luam
1154 2297 1237 2358 nos,
1270 2267 1416 2346 chariss.
1446 2267 1647 2360 loachime,
1684 2273 1988 2345 consolationibus
2015 2287 2153 2345 susten·

107 2369 211 2438 dahis
234 2367 305 2436 tuis
328 2359 540 2456 hospitibus.
598 2353 865 2431 Grimmensem
891 2373 1105 2430 conventum
1153 2389 1286 2460 temus,
1321 2399 1402 2444 cum
1428 2359 2153 2468 1103qufdemnonpamumexloefione

107 2469 329 2563 proximum,
351 2467 474 2582 lauda}
491 2457 703 2548 POMWSs
729 2487 770 2534 ³0
793 2461 833 2532 in
856 2463 981 2555 Priffliss
1004 2485 1107 2555 prae·
1153 2477 1351 2569 sapientiss.
1374 2476 1608 2568 scriptorum,
1642 2477 1830 2550 sedetiam
1854 2477 2153 2568 usucognoveri·

108 2575 204 2646 dicat
218 2560 471 2643 Cumet'sladtl
488 2588 670 2686 sermone}
685 2561 899 2662 stpqvtaode.
926 2566 1049 2636 dolere
1068 2587 1105 2636 ὅθ
1152 2605 1233 2650 mus
1247 2576 1405 2650 humana
1419 2580 1538 2650 omnia
1555 2581 1660 2674 plena
1678 2605 1751 2652 esse
1767 2581 2002 2654 miseriarum.
2054 2572 2153 2649 Ade-

108 2677 180 2762 ait,
207 2675 305 2772 (Ιῦοἀ
324 2694 399 2742 ⁰⁰¹¹
415 2670 614 2744 ⁶⁰l¹⁰⁰⁰¹¹1⁸
629 2681 676 2739 ⁵¹²
690 2681 816 2793 stium·
1153 2683 1201 2752 rit
1222 2677 1319 2754 haud
1344 2683 1452 2752 dubie
1475 2682 1542 2752 tibi
1558 2707 1700 2777 quoque
1715 2682 1812 2754 Deus
1837 2707 1918 2754 cum
1936 2683 2003 2752 lilii
2019 2681 2153 2752 doctri-

672 2773 864 2870 Phllippus
878 2772 1055 2852 Melanth·
1153 2808 1237 2856 nam
1262 2801 1297 2858 et
1321 2811 1444 2871 ornes,
1476 2798 1513 2856 et
1533 2809 1726 2879 propagare
1748 2789 1907 2872 studeas,
1940 2800 1974 2857 et
1997 2797 2039 2856 ut
2059 2797 2096 2856 te
2116 2796 2153 2854 et

1153 2900 1234 2960 tuos
1258 2903 1375 2960 servet
1395 2902 1470 2962 toto
1494 2901 1636 2978 pectore
1660 2914 1736 2964 oro.
1785 2887 1841 2962 De
1855 2887 1947 2982 Rep.
1971 2911 2062 2982 quae
2086 2881 2153 2956 ha-

210 2994 265 3068 De
281 3004 459 3067 conventu
479 2986 567 3061 haec
582 2991 762 3064 audimus:
789 2984 970 3064 Catulum
986 2988 1105 3084 Impe-
1153 2993 1325 3062 hebemus
1339 2991 1463 3084 scripsi
1478 2990 1517 3060 iu
1537 2993 1693 3084 pagella,
1717 2992 1862 3088 quiade
1884 3005 2062 3062 conventu
2077 2983 2152 3059 'ali-

105 3121 221 3179 torem
238 3112 333 3168 certo
347 3109 539 3166 venturum
553 3087 831 3192 Ratisponum,
854 3121 895 3166 ac
909 3093 1011 3164 brevi
1037 3095 1105 3164 iter
1153 3095 1242 3188 quid
1268 3095 1491 3164 sciscitabare
1517 3095 1556 3163 in
1578 3094 1740 3188 proxima
1762 3109 1823 3166 tua
1846 3093 2012 3187 epistola:
2046 3091 2151 3162 mitto

106 3209 351 3294 ingressurum
380 3221 471 3284 esse,
507 3211 542 3268 et
571 3199 610 3268 in
640 3223 682 3268 eo
707 3199 835 3270 itinere
861 3199 1104 3291 inspecturum
1152 3197 1220 3270 tibi
1244 3197 1350 3266 etiam
1370 3191 1558 3270 πολιτείαν
1580 3210 1738 3266 nostram
1748 3187 1806 3291 Ι),
1832 3196 1872 3266 in
1889 3220 1958 3290 qua
1974 3207 2151 3287 postrema

106 3307 306 3381 Geldriam.
358 3299 445 3372 Post
463 3313 679 3371 conventum
702 3325 787 3370 vero
811 3301 946 3371 iturum
971 3299 1010 3367 in
1032 3297 1104 3369 Ita·
1153 3300 1287 3392 pagella
1313 3295 1419 3370 habet
1444 3299 1715 3390 explicationem
1739 3297 1912 3371 Paulinae
1945 3295 2151 3382 sententiae,

104 3413 205 3483 liam.
244 3403 299 3475 De
318 3400 496 3496 colloquio
513 3401 600 3494 quid
618 3404 779 3472 futurum
796 3403 842 3472 sit
857 3403 1019 3472 noudum
1036 3401 1105 3471 sci·
1151 3425 1257 3496 quam
1273 3402 1403 3493 opinor
1418 3426 1491 3472 non
1508 3401 1642 3472 invitus
1663 3402 1767 3492 leges.
1821 3400 1914 3473 Volo
1940 3401 2045 3470 etiam
2071 3410 2150 3468 ate

103 3535 198 3586 mus.
242 3507 311 3579 Sed
330 3491 569 3596 Crucigerum
587 3517 690 3573 etme
706 3505 808 3575 iussit
824 3505 906 3574 aula
923 3517 1104 3594 expectare
1152 3504 1335 3574 emendari
1347 3501 1534 3595 Euripidis
1550 3527 1682 3579 versus.
1735 3502 1825 3574 Nam
1841 3503 1967 3598 inuno
1984 3503 2062 3573 loco
2079 3501 2148 3570 du·

102 3615 271 3688 mandata
297 3610 341 3676 de
369 3605 509 3678 itinere.
567 3603 658 3674 Nam
682 3605 712 3674 si
732 3603 882 3677 Carolus
909 3605 1104 3698 Imperator
1150 3608 1245 3692 bito,
1270 3607 1327 3676 cui
1352 3620 1473 3676 notam
1502 3607 1637 3678 addidi.
1699 3604 1800 3678 Bene
1823 3619 1858 3676 et
1889 3604 2040 3676 feliciter
2065 3602 2147 3672 vale

104 3717 259 3789 adducet
282 3731 399 3778 secum
422 3702 627 3796 Theologos
656 3730 755 3794 suos,
783 3723 818 3780 et
839 3709 936 3780 volet
962 3708 1102 3778 institui
1151 3735 1230 3778 cum
1249 3704 1434 3783 honestiss.
1444 3709 1594 3798 coniuge
1606 3723 1667 3780 tua
1687 3722 1722 3779 et
1736 3709 1880 3783 dulciss.
1894 3706 2031 3782 liberis.
2045 3701 2146 3777 Prid.

103 3811 403 3909 disputationem,
439 3808 545 3879 nobis
573 3833 648 3880 non
680 3810 802 3882 licebit
824 3836 901 3880 eam
926 3813 1101 3901 defugere.
1148 3809 1406 3886 Cal.Decemb.

99 3913 375 4006 Noribergeusis
405 3925 547 3982 senatus
575 3927 736 4004 rogatus,
769 3927 810 3984 ut
830 3911 1100 4009 Hieronymum
1804 3907 1901 3987 Phil.
1917 3902 2095 3984 Melanth.

99 4037 139 4093 et
160 4015 290 4092 Vitam
314 4011 495 4110 mittat²)‚
520 4038 595 4083 non
614 4017 693 4086 vult
710 4019 1010 4109 quemadmodum
1036 4041 1100 4086 au·
1143 3999 1152 4028 '
1318 4011 1325 4020 ’

99 4125 184 4209 dio,
207 4143 290 4191 suos
306 4119 475 4188 interesse
489 4110 546 4186 his
562 4117 695 4188 odiosis
711 4118 1011 4192 altercationibus.
1156 4157 1844 4170 —----------—--2--—

206 4221 317 4294 Venit
337 4245 356 4288 a
383 4213 514 4291 Carolo
541 4217 629 4312 lmp.
653 4220 783 4290 missus
803 4224 848 4290 ad
864 4219 1097 4292 Macedonem

96 4353 185 4403 curn
207 4321 386 4395 mandatis
408 4312 623 4408 Conricius,
657 4347 812 4416 quorum
841 4317 929 4394 haec
962 4346 1098 4394 summa
1148 4305 1216 4379 ΝΟ·
1240 4303 1353 4377 3320·
1983 4316 2042 4379 80.
2062 4305 2144 4373 Nov-

93 4433 187 4507 suit:
232 4425 344 4510 Petit,
376 4423 575 4516 principem
603 4421 829 4521 captivum³)
857 4449 931 4515 pon
961 4425 1099 4496 duriter
1165 4399 1339 4504 ’την
1971 4398 2143 4426 Μ

93 4532 266 4612 tractari.
298 4553 362 4598 nec
387 4529 496 4598 duras
523 4527 556 4596 ei
578 4527 800 4598 conditiones
831 4527 1006 4620 proponi,
1031 4551 1098 4597 nec
1377 4501 1562 4589 Senatui
1591 4501 1911 4612 Saalfeldensi.

94 4638 183 4712 aliis
207 4633 342 4706 bellum
364 4629 509 4714 inferri,
534 4629 597 4723 qui
622 4629 678 4700 illi
701 4629 869 4702 videntur
889 4631 998 4700 foisse
1012 4653 1096 4700 con·
1214 4671 1293 4726 Ep„
1311 4671 1339 4726 3„
1358 4668 1512 4730 mum
1526 4671 1610 4730 mm
1629 4673 1680 4730 m
1699 4673 1797 4730 mm
1816 4685 1846 4728 w
1864 4671 1902 4728 ss·
1919 4668 1972 4726 502
1988 4687 2030 4744 aq.

91 4738 235 4822 iuncti,
260 4750 344 4806 etse
362 4733 466 4803 ollert
482 4727 674 4826 διαιτητὴν
687 4727 711 4826 ἢ
723 4725 948 4827 διαλλάκτην
965 4729 1096 4824 lore⁴).

89 4834 302 4918 Monachus
324 4833 580 4906 audacissimus
603 4848 637 4903 et
662 4834 1014 4926 impudentissimus,
1039 4859 1096 4909 ar·
1144 4825 1220 4900 men
1235 4823 1425 4916 dithatus.
1443 4818 1566 4912 meilen
1580 4827 1644 4894 unt
1658 4821 1854 4914 &stracholto
1868 4817 2005 4916 bttttn.
2028 4819 2141 4896 ditm

90 4967 229 5038 rogans
262 4955 297 5011 et
328 4937 486 5008 insolens
514 4935 677 5021 iuvenis,
705 4937 850 5008 auditor
879 4932 1098 5036 ἐξομολογή-
1144 4925 1372 5025 gttmtllltt
1397 4927 1476 5000 ttttb
1501 4923 1622 5012 dieti)
1647 4945 1684 5014 pu
1710 4925 1901 5018 &elfelm
1925 4925 2044 4998 melnen
2060 4924 2140 5018 ptine

1519 5023 1615 5118 iligen
1638 5025 1761 5122 hetta.

1145 5143 1282 5248 (liceto
1308 5161 1409 5236 &aab
1433 5157 1525 5247 hurd)
1548 5159 1646 5244 teiam
1671 5159 1876 5255 sicariorum
1899 5159 2001 5250 &cio
2022 5155 2136 5248 Seium

129 5235 160 5389 ii
179 5223 498 5383 iii‘hiii'iaa...
520 5307 616 5364 ..vra
630 5307 735 5366 moa,
1143 5266 1323 5358 ditinum.
1348 5267 1461 5356 caleto
1483 5261 1623 5358 pettam
1645 5279 1752 5355 tutor.
1803 5263 1873 5356 tint
1887 5259 1960 5336 du.
1983 5259 2137 5350 ttetspat

129 5406 158 5474 8)
178 5403 262 5458 licor.
275 5397 394 5456 Brunsv.

127 5495 155 5563 l)
173 5491 279 5548 literae
294 5481 385 5538 Caroli
399 5479 474 5536 datae
488 5489 551 5535 sunl
564 5479 591 5535 d.
604 5481 631 5535 6.
646 5481 714 5536 Nor.
730 5491 757 5537 et
775 5480 918 5554 responsio
931 5481 1092 5556 landgravii

162 5563 190 5617 d.
205 5557 246 5614 18.
260 5553 330 5608 Nor.
342 5552 420 5612 teas.
456 5547 518 5606 Vid.
529 5549 662 5609 Seelend.
674 5550 782 5608 lib.lll.
794 5572 823 5624 p.
836 5551 898 5612 567.
1176 5547 1284 5620 *)i.e.
1301 5549 1374 5624 leges
1387 5550 1560 5606 Academiae.
1596 5545 1718 5622 Videp.
1734 5545 1768 5602 ad
1780 5545 1919 5603 Theodec.
1932 5547 1958 5603 d.
1975 5549 1999 5606 l.
2012 5547 2100 5605 Decb.

98 5127 315 5149 μ’*

1142 5455 1349 5469 *-
