4776 6260
338 297 416 375 uro
549 235 557 248 ’
915 283 1357 364 sersrouanoar
1414 283 1524 366 nra.
1558 283 1624 363 rx.
1677 281 1809 364 asts.
2245 299 2292 374 sa

342 467 437 540 [tens
460 463 528 566 qui
547 458 749 536 munducat
769 470 803 533 ct
824 457 917 534 bibit
935 453 1126 556 indigne'',
1157 450 1333 529 iudicium
1491 456 1583 530 Cum
1606 471 1724 530 autem
1749 481 1906 548 errores,
1938 461 1983 532 de
2010 460 2129 556 quibus
2147 464 2295 552 dictumest

343 570 420 644 sibi
433 561 634 638 nranducot
650 575 681 636 et
698 562 802 636 bibit.
1389 573 1426 631 et
1442 560 1573 632 abusus
1587 564 1676 631 adeo
1690 563 1796 632 crassi
1812 575 1848 632 et
1865 563 2040 634 manifesti
2061 564 2139 634 sint:
2162 564 2245 632 Valde
2261 558 2295 636 ae

444 669 542 740 llaec
556 681 696 762 peccata
710 680 894 742 merentur
905 677 1066 736 aeternas
1081 680 1222 752 poenas,
1245 670 1282 726 et
1297 655 1336 724 in
1362 661 1365 711 ἱ
1390 684 1483 732 cesse
1498 677 1570 746 est,
1592 663 1678 732 talos
1698 663 1962 754 profanationes
1976 665 2176 736 sacramenti
2188 691 2242 734 nou
2257 670 2297 736 dis

345 771 412 844 hac
428 773 500 842 vita
515 793 617 842 causa
630 787 714 840 sunt
729 792 940 859 magnarum
962 764 1200 836 calamitatum
1215 758 1337 850 publi·
1390 763 1564 840 simulari.
1613 761 1662 834 Et
1677 760 1745 834 hoc
1766 765 1955 838 consilium
1970 767 2083 836 solum
2105 780 2201 838 tutum
2218 781 2265 852 est,
2278 783 2297 838 ut
2326 795 2327 808 ¹

345 901 486 958 earcuo,
510 873 707 952 bellorum,
733 884 769 941 er
790 870 1003 940 castitatum.
1053 862 1107 936 Ac
1121 866 1163 932 sd
1180 860 1337 931 officium
1390 865 1505 958 prima
1521 878 1672 938 etvetus
1687 869 1905 940 cousuetudo
1924 867 2170 939 communionis
2185 863 2296 960 †ooi

336 977 506 1064 ‚munium
527 975 804 1063 gubernatorum
823 972 862 1040 iu
879 965 1053 1051 Ecclesia,
1077 963 1337 1057 Episcoporum
1390 965 1474 1037 sae”
1499 990 1622 1038 rursus
1642 967 1878 1053 instauretur,
1903 983 1938 1040 et
1959 969 2157 1040 omittantur
2174 967 2298 1038 sicualesa
2327 1006 2328 1032 r

345 1077 603 1168 etl‘rincipum
625 1074 796 1167 pertinet,
823 1065 913 1144 hanc
935 1069 1156 1150 manifestam
1177 1062 1339 1160 profani·
1390 1067 1547 1162 privatae
1562 1069 1699 1144 missae.
1750 1069 1821 1140 Sed
1839 1071 1965 1141 diebus
1987 1070 2164 1140 dominicis
2182 1069 2300 1138 etiaali

345 1183 455 1252 latera
482 1175 723 1262 sacramenti,
755 1187 929 1268 quantum
951 1170 1028 1241 fieri
1050 1179 1185 1262 potest,
1212 1159 1339 1260 prohi·
1390 1170 1488 1240 feriis
1512 1183 1547 1243 et
1570 1171 1650 1242 aliis
1672 1169 1818 1256 diebus,
1842 1197 1923 1244 curn
1943 1185 2063 1265 petent
2083 1171 2183 1264 aliqui
2200 1195 2300 1240 conus

346 1283 443 1356 bere.
493 1277 591 1350 Haec
607 1290 658 1349 est
673 1275 961 1348 manifestissima
973 1272 1115 1345 veritas.
1391 1271 1556 1358 aionem,
1588 1268 1736 1342 honeste
1766 1273 1965 1345 celebretur
1993 1273 2197 1355 communio,
2224 1273 2302 1363 inqu

448 1379 631 1466 Secundo,
655 1378 762 1448 missa
785 1373 852 1448 hoc
866 1375 955 1446 falso
971 1371 1160 1467 praeconio
1180 1379 1339 1450 ornatur,
1390 1375 1574 1469 presbyter
1605 1373 1785 1467 aliquibus
1819 1376 2009 1469 exploratis
2041 1387 2076 1446 et
2106 1373 2260 1456 absolutis,
2282 1385 2304 1442 ot

348 1499 383 1555 et
402 1508 443 1554 ex
462 1477 528 1554 itae
543 1481 788 1575 persuasione,
815 1478 939 1548 missae
962 1477 1122 1570 privatae
1139 1470 1338 1542 cumulatae
1391 1473 1527 1546 dictum
1559 1488 1631 1562 est,
1667 1473 1860 1549 distribuat
1886 1500 2016 1572 corpus
2050 1491 2084 1548 et
2110 1467 2304 1568 sanguinari

347 1599 444 1670 sunt,
468 1585 632 1656 videlicet
648 1584 745 1677 quod
763 1578 977 1652 sacrificulus
991 1577 1116 1647 offerat
1131 1573 1244 1644 filiurn
1261 1568 1341 1654 Dei,
1390 1574 1550 1651 Domini,
2330 1634 2331 1660 ,

348 1701 382 1758 et
407 1682 475 1756 boc
505 1685 674 1758 sacrificio
704 1697 881 1754 mereatur
904 1675 1065 1774 †vivis''
1094 1673 1339 1746 remissionem
1492 1676 1677 1752 Praeterea
1692 1693 1728 1752 et
1741 1681 1786 1752 de
1799 1675 1866 1752 hac
1879 1703 1918 1752 re
1933 1679 2007 1752 dici
2021 1703 2154 1754 necesse
2168 1692 2220 1751 est.
2254 1673 2306 1744 Cur
2330 1667 2331 1700 ³

347 1800 570 1881 peccatorum
583 1783 626 1884 ²⁸)
648 1801 683 1858 et
705 1783 855 1854 mortuis
878 1781 1125 1851 liberationem
1149 1801 1190 1846 ex
1209 1795 1340 1867 purga·
1392 1778 1462 1849 iam
1485 1781 1638 1873 populus
1658 1796 1754 1854 certo
1779 1783 1866 1853 sciat
1887 1807 2035 1854 coenam
2057 1779 2218 1854 stristo
2235 1777 2306 1847 sicis

348 1890 461 1969 torio,
494 1911 536 1958 ex
558 1911 664 1981 opere
687 1899 854 1978 operato,
886 1881 992 1955 ctiam
1019 1881 1095 1949 sine
1118 1880 1215 1948 bono
1239 1887 1342 1946 motu
1392 1881 1551 1952 stitutam
1576 1906 1669 1970 esse,
1692 1897 1733 1956 ut
1752 1885 1857 1958 detur
1878 1897 1914 1957 et
1935 1897 2095 1956 sumatur
2116 1875 2305 1972 integrunis
2331 1933 2332 1948 ,

349 1991 492 2062 utentis.
1392 1997 1613 2056 eramentsun
1628 2009 1703 2056 non
1718 1999 1858 2056 tantum
1874 2009 1894 2056 a
1908 1988 2161 2071 sacerdotibus,
2182 1984 2232 2052 sed
2247 1979 2307 2048 etio

450 2088 683 2160 Manifestum
701 2101 753 2160 est
772 2101 911 2174 autem,
935 2107 1081 2158 coenam
1095 2079 1243 2152 Domini
1265 2101 1341 2147 non
1392 2108 1414 2156 a
1433 2086 1586 2178 populo,
1611 2087 1832 2173 multisunt,
1858 2111 2012 2182 quorum
2028 2083 2238 2159 conscientiae
2251 2077 2306 2150 vat

350 2193 550 2262 institutam
574 2215 639 2282 pro
668 2189 819 2261 mortuis
844 2212 936 2273 esse,
975 2186 1058 2282 quia
1083 2196 1196 2270 textus
1222 2193 1341 2272 aperte
1392 2201 1573 2278 anguntur
1588 2203 1851 2282 propterusum
1866 2189 1975 2260 unius
1990 2191 2114 2282 partis.

349 2293 522 2385 praecipit
544 2293 824 2362 recordationem
844 2291 969 2360 mortis
993 2283 1149 2365 Christi,
1176 2284 1272 2377 quod
1296 2281 1341 2350 ad
1494 2285 1754 2362 Excruciancur
1774 2289 1869 2360 enim
1886 2291 2129 2378 dubitatione,
2151 2302 2183 2360 et
2200 2310 2228 2355 se
2243 2285 2306 2352 farra

349 2409 509 2464 mortuos
525 2394 783 2464 accommodari
798 2415 871 2462 non
888 2403 1012 2484 potest.
1062 2386 1207 2457 Certum
1221 2396 1257 2453 et
1274 2376 1342 2452 hoc
1394 2394 1740 2464 contr-amandarum
1759 2387 1895 2465 Christi
1917 2393 2089 2469 iudicant,
2138 2387 2334 2483 anuedeu

349 2509 420 2579 est,
453 2497 610 2565 visentes
638 2519 713 2565 non
737 2494 893 2585 accipere
914 2489 1159 2562 remissionem
1181 2497 1342 2577 peccato·
1394 2493 1523 2563 scimus
1538 2493 1762 2584 gravissimas
1779 2516 1853 2562 esse
1868 2495 2030 2588 querelas
2045 2497 2179 2588 piorum
2196 2481 2307 2559 iuuultis

351 2622 430 2668 rum
446 2596 501 2665 vel
517 2610 664 2688 propter
676 2616 767 2689 opus
781 2593 990 2678 sacrificuli,
1014 2590 1071 2658 vel
1086 2600 1228 2680 propter
1244 2584 1342 2654 aliud
1394 2594 1616 2684 regionibus,
1650 2620 1690 2666 ac
1717 2595 1929 2666 nominatim
1959 2595 1997 2666 in
2023 2595 2187 2678 Bavaria,
2217 2583 2307 2662 leuctris,

350 2700 589 2794 quodcunque
603 2720 692 2789 opus
715 2691 933 2794 humanum,
958 2694 1017 2762 sed
1038 2701 1174 2761 ionium
1199 2701 1343 2780 propter
1393 2694 1743 2784 luliacensiDucatu,
1768 2693 1962 2768 Brabantia
1979 2712 2014 2770 et
2032 2695 2223 2768 Hellandia.
2251 2684 2306 2754 ilat

349 2797 553 2883 Christum,
570 2797 716 2890 propria
732 2798 801 2866 fide
821 2795 918 2866 iusta
936 2795 1127 2864 salutarem
1143 2789 1341 2860 doctrinam
1395 2797 1570 2869 dubitatio
1593 2797 1741 2890 impedit
1764 2823 1882 2868 veram
1907 2799 2182 2878 invocationem,
2206 2807 2231 2863 et
2245 2793 2308 2856 ‹letu-

351 2901 498 2982 deiide,
522 2915 562 2970 Ul
580 2900 750 2990 scriplum
766 2911 833 2968 ⁰⁸1²
860 2887 1075 2986 lusiusfidss
1091 2915 1162 2960 SM
1180 2889 1279 2962 ⁹50⁶!-
1394 2913 1448 2970 ret
1470 2893 1632 2968 homines
1654 2901 1699 2970 ab
1723 2923 1789 2970 usu
1803 2898 2045 2981 sacramenti,
2069 2915 2102 2970 et
2117 2884 2308 2970 orentiiusd

452 2998 518 3070 Est
538 3016 656 3071 autem
678 2998 821 3091 publica
844 2997 1025 3089 persuasio
1041 2991 1214 3062 maximae
1232 2989 1344 3083 partis
1393 3002 1463 3071 fert
1480 3001 1658 3091 angustias
1676 3001 1807 3086 animi,
1831 3025 1922 3096 quae
1943 3002 2093 3095 pariunt
2115 2991 2308 3092 desperatius

352 3101 560 3186 frontinum,
585 3101 728 3170 missam
751 3099 879 3169 mereri
902 3095 1047 3169 facienti
1067 3107 1102 3164 et
1118 3093 1197 3164 aliis
1218 3091 1344 3164 remis-
1394 3115 1435 3173 ut
1447 3101 1486 3170 in
1502 3101 1625 3172 multis
1639 3102 1793 3173 ostendit
1807 3117 1964 3174 eventus.

352 3205 489 3276 sionem
505 3216 725 3296 peccatorum
742 3215 777 3272 et
792 3200 902 3272 vitam
918 3213 1108 3272 aeternam.
1484 3199 1563 3274 lloc
1581 3225 1672 3274 onus
1688 3204 1983 3275 conscientiarum
1999 3205 2140 3276 auferre
2152 3199 2188 3274 hi
2200 3195 2309 3292 quiriti

453 3301 503 3374 Et
525 3299 646 3375 haeret
670 3298 758 3375 haee
786 3303 826 3373 in
854 3301 1034 3372 mentibus
1055 3296 1345 3390 praecipuorum,
1395 3316 1479 3374 sunt
1512 3303 1552 3373 in
1582 3301 1741 3376 Ecclesia
1771 3301 1941 3398 Episcopi
1967 3319 2002 3378 et
2031 3305 2206 3397 Principes
2230 3299 2310 3368 detes

352 3409 441 3480 adeo
463 3418 504 3476 ut
528 3419 673 3500 putent,
695 3405 726 3476 si
742 3405 815 3475 sint
829 3403 961 3475 assidui
982 3412 1192 3494 spectatores
1207 3397 1345 3483 missae,
1396 3403 1516 3495 Quare
1531 3405 1635 3476 valde
1655 3429 1796 3477 necesse
1810 3420 1863 3479 est
1879 3407 2023 3480 restitui
2039 3431 2143 3480 usum
2156 3389 2310 3476 veteranis

353 3535 390 3582 se
411 3505 595 3579 babituros
616 3505 764 3598 gratiam
785 3503 874 3592 Dei,
897 3525 1095 3582 successus,
1122 3513 1156 3570 et
1179 3521 1345 3590 magnam
1396 3507 1485 3596 tegri
1501 3504 1732 3579 sacramenti.
2148 3493 2155 3504 ’

351 3610 574 3693 felicitatem,
596 3609 702 3680 etiam
724 3632 805 3679 cum
824 3617 1048 3700 perseverant
1069 3603 1109 3671 in
1127 3599 1206 3671 aliis
1228 3600 1345 3670 mani·
1498 3605 1606 3678 Tales
1629 3621 1712 3679 sunt
1736 3609 1917 3700 angustiae
1943 3610 2177 3682 conscientiae
2202 3603 2277 3674 etisu
2294 3590 2310 3656 it

352 3711 450 3786 festis
466 3710 666 3783 sceleribus.
1396 3709 1637 3780 sacerdotibus
1650 3709 1844 3782 multarum
1860 3711 2048 3802 regionum
2059 3709 2111 3810 ³²).
2144 3705 2240 3781 Multi
2250 3697 2310 3770 adul

453 3809 503 3882 Et
520 3822 737 3882 concurrunt
761 3807 892 3898 multae
906 3829 1068 3886 caussae,
1094 3817 1241 3897 propter
1258 3825 1345 3896 quas
1396 3834 1433 3880 se
1466 3834 1629 3901 peccare,
1669 3813 1765 3904 quod
1797 3827 1943 3905 propter
1974 3813 2263 3885 consuetudinem,
2284 3806 2309 3862 ai

353 3926 515 4010 potentes
535 3913 639 3983 valde
662 3911 834 3981 dimicant
859 3911 904 3980 de
919 3907 1062 3978 tuendis
1079 3906 1205 3975 missae
1225 3903 1345 3976 abusi·
1397 3913 1621 4004 asperitatem
1637 3913 1863 3984 dominorum
1879 3915 1990 3986 eoacti
2002 3917 2158 4008 privatas
2172 3925 2202 3982 et
2214 3899 2307 3978 [unsis

353 4022 441 4102 bus,
467 4037 618 4107 quarum
634 4013 748 4106 prima
765 4023 831 4080 est:
857 4007 969 4080 Multi
984 4021 1142 4102 potentes
1157 4021 1191 4079 et
1205 4006 1346 4100 sapien-
1396 4015 1519 4084 missas
1545 4013 1684 4105 legunt,
1724 4028 1759 4085 et
1793 4028 1912 4086 tamen
1926 4011 1970 4110 ³²)
2003 4014 2183 4088 adversari
2207 3995 2302 4105 domii

354 4135 406 4192 tes
428 4117 681 4207 gubernatores
704 4113 831 4183 dicunt
851 4133 973 4182 omnes
994 4109 1207 4180 mutationes
1227 4109 1346 4180 vitan·
1397 4111 1518 4209 †qui”
1538 4116 1667 4186 nolunt
1681 4113 1847 4210 omitti³³)
1862 4112 1929 4188 hos
1943 4119 2033 4188 ritus
2050 4141 2126 4189 non
2141 4091 2306 4186 audentil

355 4224 418 4292 das
441 4239 535 4300 esse,
559 4215 745 4306 praecipue
760 4226 876 4282 autem
900 4206 1010 4283 hane:
1038 4208 1134 4300 Quia
1159 4209 1266 4284 missa
1290 4209 1348 4278 vi·
1398 4215 1624 4288 conscientiis
1646 4218 1781 4286 mederi
1801 4219 1959 4310 oportuit
1974 4215 2172 4312 Episcopus
2193 4228 2222 4284 et
2236 4193 2312 4280 Priot'e

355 4325 482 4395 dentur
498 4339 629 4387 nervus
646 4338 719 4384 esse
735 4313 929 4404 religionis.
1397 4341 1477 4411 pes,
1502 4317 1598 4390 iuxta
1612 4314 1706 4390 hauc
1724 4319 1819 4410 piam
1842 4321 1999 4411 regulam
2016 4334 2051 4392 et
2064 4318 2232 4392 Ecclesiae
2249 4317 2314 4376 „aa

455 4417 507 4488 lli
536 4417 680 4501 dicunt,
718 4416 892 4507 populum
922 4415 998 4484 fore
1029 4414 1239 4508 profanum,
1270 4438 1345 4486 non
1398 4419 1546 4504 sariam,
1578 4443 1667 4514 quae
1696 4422 1813 4492 docet:
1848 4418 1996 4500 nuliam
2019 4417 2266 4492 ordinationem
2281 4393 2317 4516 li

354 4536 546 4596 venturum
563 4518 602 4588 in
619 4517 763 4609 templa,
788 4541 862 4587 non
876 4530 1125 4588 veneraturum
1140 4518 1231 4589 ullas
1249 4540 1345 4587 cere·
1397 4545 1551 4590 monam
1575 4520 1616 4590 in
1639 4517 1810 4592 Ecclesia
1843 4517 2070 4594 retinendam
2103 4530 2168 4593 oui
2189 4501 2318 4606 stabilire

355 4623 513 4708 monins,
538 4621 569 4690 si
587 4619 715 4691 usitata
731 4623 948 4690 consuetudo
964 4619 1105 4710 legendi
1122 4621 1245 4689 missas
1264 4643 1345 4688 mu·
1399 4618 1486 4692 dom
1501 4644 1608 4708 esse,
1638 4645 1732 4720 quae
1756 4619 1928 4720 polluens
1957 4621 2209 4696 conscientiam
2227 4595 2319 4714 ι’πψῑξω

357 4741 501 4802 tacetur.
543 4720 683 4794 Deinde
699 4722 851 4792 multum
867 4722 986 4793 valent
1000 4715 1066 4792 hae
1083 4743 1234 4806 caussae,
1259 4744 1345 4790 con·
1399 4724 1663 4796 invocationem
1688 4720 1782 4808 Dei,
1814 4735 1880 4797 aut
1909 4723 2190 4797 observationem
2216 4710 2320 4785 aldradi

358 4828 526 4906 suetudo,
556 4824 656 4895 lucra
671 4817 733 4922 ²⁹),
758 4823 964 4894 excellentia
978 4821 1116 4893 ordinis
1132 4822 1346 4894 sacrificulo·
1398 4813 1574 4898 mondoti
1587 4819 1717 4916 dr‘vini,
1742 4827 1974 4902 sicutPaulus
1989 4827 2126 4924 iuquit:
2150 4817 2322 4898 Datames-se

351 4955 449 5006 rum
501 4925 585 4996 ldeo
602 4927 684 4996 satis
703 4927 849 5009 scimus,
875 4923 1164 4994 reformationem
1186 4947 1346 4994 commu-

358 5030 478 5105 nionis
492 5041 527 5098 et
544 5027 669 5098 missae
684 5028 788 5098 valde
801 5026 982 5097 difficilem
998 5047 1084 5116 esse.
1400 5023 1609 5046 “““““““““

1434 5139 1482 5208 80)
1500 5143 1563 5198 rec.
1577 5155 1787 5200 meromontem
1801 5149 1927 5208 corporis
1941 5151 2135 5217 strangurias.

1434 5237 1480 5308 tt)
1497 5242 1655 5294 multorom
1667 5244 1905 5310 regionum1Pes.
1920 5248 2023 5300 multis.

361 5221 555 5256 wahan-u-

391 5349 437 5418 28)
454 5347 516 5400 Pes.
525 5339 616 5397 addire
629 5340 699 5394 visis
713 5348 742 5393 st
754 5339 965 5406 morticinum&
978 5337 1173 5396 liberationem
1185 5355 1205 5391 a
1216 5337 1348 5402 peruris.
1436 5337 1484 5412 32)
1501 5337 1566 5394 Per.
1579 5339 1616 5392 Et
1627 5348 1725 5396 tamen
1736 5345 1813 5411 qun„

385 5451 438 5518 '291
454 5449 545 5511 lurra]
558 5443 623 5498 Per·
635 5443 737 5509 huga·
898 5513 905 5524 .
1436 5435 1482 5506 88)
1501 5437 1609 5508 omitti]
1623 5441 1687 5494 Per·
1700 5442 1839 5498 emittere.
