4796 6258
257 303 333 380 428
843 295 1278 378 EPISTOLARUM
1336 303 1441 382 LlB.
1474 303 1538 382 lx,
1593 303 1720 382 1544.
2235 295 2312 377 424

262 473 317 548 De
343 500 411 568 qua
438 497 583 568 prorsus
609 499 683 544 non
711 475 866 566 impedio
891 471 1031 546 Sabini
1062 474 1263 560 consilium,
1309 477 1407 548 nulla
1424 473 1580 547 bumana
1595 502 1660 569 ope
1675 473 1791 546 sanari
1809 489 1935 566 potest.
1993 471 2160 570 Cumque
2183 476 2223 544 in
2244 471 2315 548 hoc

262 579 467 672 placetque,
491 577 835 662 utdeancillafiat,
862 580 1063 671 quodvult.
1121 576 1262 648 Namei
1309 593 1408 649 tanto
1441 603 1551 649 essem
1582 603 1764 660 moerore,
1805 579 1950 648 accessit
1983 576 2134 658 alterum
2169 567 2315 664 vulnus,

264 704 363 749 nunc
396 680 539 772 quidem
575 703 651 748 non
683 679 917 765 adversabor,
958 704 1003 749 ne
1037 702 1151 750 novae
1182 679 1264 750 lites
1309 683 1404 774 quod
1430 679 1500 750 viri
1524 681 1650 772 optimi
1674 693 1708 749 ει
1730 679 1835 747 nobis
1858 678 2063 748 amicissimi
2084 676 2317 772 Hieronymi

267 783 447 864 oriantur,
489 803 529 849 ac
552 781 674 850 malim
698 783 793 874 apud
816 781 925 850 liliam
953 804 1163 872 puerperam
1190 803 1263 849 esse
1310 777 1578 876 Bomgnrtneri
1598 782 1776 851 calamitas
1800 779 2027 861 nobis'fecit,
2058 781 2198 874 dequo
2223 783 2314 876 qnid

267 884 454 953 mulierem
486 876 708 952 humanitate
738 883 859 976 aliqua
884 896 1031 954 nasturae
1057 882 1263 974 praeditam,
1311 884 1366 953 vel
1380 884 1537 974 consilii,
1568 883 1626 956 vel
1638 883 1714 973 spei
1728 883 1820 952 cives
1834 882 1942 952 vestri
1954 876 2128 968 habeant,
2160 905 2317 972 magno·

270 1009 375 1080 quam
398 984 619 1054 barbaricam
643 979 706 1054 καὶ
727 981 925 1082 ἄστοργον.
1210 1057 1215 1069 ,
1310 1007 1391 1078 pere
1415 985 1518 1075 cupio
1542 985 1642 1054 scire.
1693 982 1768 1052 Nos
1787 1005 1856 1077 qua
1880 995 1979 1074 parte
2000 982 2116 1054 nostri
2137 985 2317 1074 opitulari

371 1073 846 1178 DeCobnrgensisscholac
865 1087 1120 1174 gubernatore,
1146 1085 1264 1156 eoni-
1310 1087 1344 1157 ei
1365 1086 1577 1178 possumus?
1636 1082 1752 1156 Deum
1781 1098 1965 1154 aeternum
1988 1080 2131 1156 Patrem
2158 1083 2318 1156 Domini

270 1183 325 1258 hil
348 1189 523 1276 agendum
547 1199 626 1276 post
647 1201 748 1258 tuum
770 1187 905 1256 abitum
929 1189 1071 1274 censui,
1102 1183 1264 1282 quiaSi-
1309 1189 1425 1260 nostri
1440 1186 1521 1258 lesu
1534 1181 1670 1260 Christi
1684 1211 1769 1267 oro,
1803 1199 1843 1258 ut
1860 1185 2058 1256 cumvobis
2076 1187 2239 1258 etnobis
2256 1214 2315 1260 re-

271 1311 358 1358 mon
380 1289 441 1358 ille'
455 1281 722 1386 Lichteselsius
738 1289 855 1358 statim
872 1303 991 1380 postea
1007 1288 1164 1380 scripsit,
1195 1288 1263 1358 sibi
1309 1291 1442 1364 stituat.
1818 1279 1823 1290 ⁸

271 1405 390 1485 partes
413 1390 531 1460 nescio
556 1413 643 1483 quas
667 1389 707 1458 in
729 1386 850 1460 schola
871 1385 1055 1460 mandatas
1072 1395 1165 1477 e‘sse,
1199 1391 1264 1459 etsi
1412 1389 1531 1481 Quem
1543 1413 1730 1484 possumus
1745 1388 1929 1460 nominare
1942 1387 2018 1459 ulla
2031 1389 2176 1460 inurbe
2191 1390 2314 1462 civem

272 1507 315 1564 ut
335 1505 387 1562 est
406 1485 657 1588 μεμψίμοιρος
679 1503 714 1562 ει
734 1492 921 1578 delicatus,
954 1493 1117 1584 queritur
1130 1493 1265 1583 stipen-
1311 1493 1360 1563 sic
1381 1493 1548 1564 meritum
1570 1494 1615 1563 de
1630 1489 1721 1584 Rep.
1739 1493 1778 1561 in
1794 1490 1894 1561 omni
1911 1513 2037 1580 genere
2051 1493 2315 1580 negociorum?
2393 1513 2394 1580 ζ

272 1595 375 1665 dium
387 1617 460 1664 esse
473 1593 627 1677 tenuius,
643 1617 749 1689 quam
766 1607 939 1686 quantum
954 1594 1157 1684 expectavit.
1194 1593 1263 1666 Sed
1311 1595 1459 1666 Summa
1490 1596 1559 1666 fide
1592 1610 1627 1667 et
1659 1593 1848 1686 prudentia
1874 1592 2136 1664 administravit
2161 1595 2313 1686 politica

224 1685 251 1702 ”
273 1696 449 1788 explorari
470 1695 635 1766 voluntas
651 1691 935 1784 Coburgensium
957 1696 1107 1788 poterit,
1139 1719 1185 1766 an
1203 1717 1264 1764 ve·
1310 1720 1471 1767 munera.
1530 1695 1637 1767 Fovit
1651 1693 1845 1766 Ecclesiam
1860 1689 1944 1781 Dei,
1978 1693 2069 1764 iuvit
2087 1697 2210 1766 studia
2228 1697 2313 1768 lite·

272 1798 343 1868 lint
358 1796 453 1868 mitti
472 1783 612 1866 scholde
627 1795 911 1885 gubernatorem.
1311 1821 1451 1881 rarum,
1482 1799 1568 1870 texit
1584 1799 1677 1868 cives
1692 1819 1880 1890 pauperes,
1912 1790 2100 1866 abhorruit
2113 1821 2135 1866 a
2150 1797 2313 1870 factiosis

374 1885 556 1967 Carolnm
577 1894 829 1989 Imperatorem
853 1898 1047 1968 discessisse
1063 1895 1167 1989 Spica
1190 1919 1267 1966 cer·-
1312 1900 1489 1986 consitiis,
1521 1900 1656 1970 nnllam
1680 1900 1748 1970 sibi
1772 1897 1966 1990 potentiam
1989 1897 2184 1990 quaesivit,
2216 1895 2312 1970 nihil

272 2012 349 2072 tum
380 2012 449 2080 est,
489 2013 525 2072 et
554 1994 776 2091 catastrophe
808 2015 1020 2085 conventus,
1057 1993 1127 2068 Dei
1158 1998 1266 2068 bene·
1310 1996 1549 2100 dispunxerit!
1572 1995 1710 2072 habuit.
1773 1997 1957 2071 Praeterea
1980 1999 2184 2070 eruditione
2212 2015 2312 2074 tanta
2393 2019 2394 2040 ³

272 2101 371 2188 licio,
397 2101 537 2193 placida
551 2098 636 2175 suit.
676 2091 845 2196 λώφησιν
867 2101 974 2175 edicti
991 2095 1193 2190 Augustani
1212 2099 1266 2171 la·
1311 2105 1491 2195 praeditus
1513 2117 1581 2189 est,
1610 2115 1652 2174 ut
1671 2101 1794 2188 nobis,
1826 2100 1889 2195 qui
1909 2101 1949 2170 in
1964 2095 2093 2172 Schola
2112 2123 2313 2190 versamur,

272 2218 365 2276 ctam
386 2225 459 2273 esse
485 2201 659 2293 intelligo.
723 2199 773 2274 Ει
795 2216 944 2274 narrant
962 2203 1165 2275 orationem
1191 2197 1234 2273 V
1230 2223 1265 2270 e·
1311 2205 1415 2296 longe
1449 2205 1653 2290 antecellat,
1700 2218 1735 2274 et
1765 2203 1978 2275 domesticae
2009 2202 2159 2274 virtutes
2190 2205 2234 2274 in
2269 2231 2310 2277 eo

273 2301 424 2398 reingeri
435 2305 544 2376 fuisse
558 2305 703 2395 dignam
718 2305 796 2374 viro
811 2306 916 2392 forti,
946 2304 1011 2401 qui
1029 2327 1096 2399 pro
1117 2297 1183 2374 hac
1197 2299 1266 2374 Ca·
1311 2331 1434 2377 omnes
1455 2321 1558 2392 sunt,
1591 2329 1682 2400 quae
1704 2307 1801 2376 bono
1831 2305 1909 2375 viro
1937 2304 2184 2375 attribuendae
2213 2321 2308 2383 sunt.

272 2408 344 2478 roli
364 2405 583 2498 mitigatione
608 2400 703 2477 dixit'
720 2409 887 2480 adversus
910 2405 1119 2499 Mogontini
1147 2417 1267 2474 orato·
1310 2407 1494 2478 Postremo
1509 2403 1599 2477 mibi
1613 2409 1663 2479 sic
1677 2421 1728 2479 est
1743 2407 1893 2491 amicus,
1917 2418 2047 2476 utnon
2062 2405 2185 2476 minus
2200 2435 2307 2501 quam

272 2533 360 2582 rem.
411 2506 509 2579 Bene
530 2523 566 2581 et
587 2507 738 2578 feliciter
755 2508 845 2579 vale.
896 2507 993 2580 Tuas
1011 2508 1146 2580 litteras
1163 2529 1266 2598 expe·-
1311 2512 1456 2580 fratrcm
1479 2511 1699 2600 diligendum
1721 2509 1920 2578 iudicarim.
1969 2503 2018 2577 Et
2038 2507 2149 2578 dilexi
2171 2511 2308 2602 praeci-

273 2625 349 2697 cto,
375 2622 409 2680 et
424 2606 542 2682 Deum
558 2634 641 2697 oro,
666 2623 708 2680 ut
720 2624 755 2682 te
773 2623 808 2680 et
821 2624 902 2681 tuos
918 2624 1050 2695 servet,
1080 2631 1121 2678 ac
1135 2605 1267 2678 Hiero-
1310 2636 1380 2704 pue
1395 2624 1540 2704 propter
1554 2613 1665 2703 ipsius
1680 2607 1920 2682 Excellentem
1935 2609 2115 2681 virtutem.

271 2735 381 2808 nymo
400 2724 435 2782 et
447 2707 538 2782 mihi
555 2725 694 2783 nostras
709 2711 924 2784 calamitates
940 2711 1092 2810 mitiget.
1114 2709 1174 2779 die
1187 2704 1266 2784 lob.
1413 2711 1521 2784 llunc
1541 2713 1647 2784 telem
1667 2712 1785 2783 virum
1807 2724 1844 2781 et
1862 2710 2037 2796 amicum,
2062 2723 2135 2781 tam
2157 2710 2307 2802 indigno

271 2811 462 2906 Baptistae.

930 2910 1025 2988 Phil.
1040 2909 1217 2986 Melanth.

1312 2914 1425 3010 Spero
1446 2918 1628 3012 equidem,
1665 2913 1783 2985 Deum
1804 2914 1986 2985 custodem
2008 2912 2083 2983 eius
2103 2913 2206 3000 lore,
2247 2917 2307 3010 qui

1311 2837 1395 2887 casu
1409 2817 1532 2886 venire
1546 2812 1587 2884 in
1601 2813 1792 2884 discrimen
1805 2836 2001 2899 summum,
2033 2834 2108 2880 non
2126 2812 2308 2884 dolerem?
2393 2879 2394 2886 ,

376 3054 792 3151 GeorgiumDaschinm
807 3061 945 3134 misisse
955 3061 1028 3134 iam
1040 3075 1179 3136 nostras
1191 3064 1268 3156 epi-

268 3167 379 3239 stolas
399 3167 445 3235 ad
467 3157 789 3259 Merspnrgcnsem
816 3161 1023 3236 Antistitem
1040 3159 1078 3261 ⁴)
1103 3167 1266 3237 arbitror.

272 3267 407 3360 Scripsi
430 3287 468 3338 ea
490 3287 579 3359 quae
601 3265 802 3336 arbitrabar
822 3289 963 3336 caussae
980 3269 1166 3358 profutura
1182 3291 1266 3338 esse.

271 3369 326 3444 A'c
354 3381 546 3440 venturum
573 3389 647 3436 esse
672 3368 773 3438 brevi
800 3369 843 3437 ad
868 3390 935 3438 uos
956 3365 1264 3464 Merspurgensem

271 3471 480 3546 Antistitem
512 3467 647 3555 audio,
694 3471 759 3541 ubi
793 3493 913 3540 coram
949 3470 1045 3540 idem
1078 3471 1265 3563 negocium

232 3591 234 3598 ’
271 3598 382 3664 agam.

270 3909 337 3985 No.
352 3909 466 3986 2970.

276 4007 449 4038 w

606 4082 659 4179 V.
691 4091 927 4176 Theodoro.

338 4256 431 4382 epp
436 4215 497 4399 ll,
492 4254 582 4378 1233.
591 4251 707 4330 ssssqq.
725 4285 762 4302 -
796 4253 890 4311 ussa
903 4222 1071 4328 saumas
1084 4253 1264 4350 suemus-

1107 3914 1165 3984 24.
1181 3915 1251 3979 lun.

1093 4002 1265 4034 Μ

317 4480 372 4554 1).
403 4479 445 4556 V
447 4481 514 4553 ito
534 4468 800 4564 Theodoro,
838 4476 981 4551 docem
1001 4477 1151 4578 Evang.
1174 4447 1214 4553 iri

590 4578 732 4654 Eccles.
748 4578 948 4677 Noriherg.

266 4701 310 4792 S·
332 4723 377 4798 D.
429 4719 538 4811 Quod
551 4719 590 4789 in
605 4717 667 4791 illa
680 4718 796 4811 prima
819 4717 989 4788 concione
1008 4717 1261 4788 denunciatum

265 4839 333 4912 est,
358 4819 540 4894 insidiari
550 4815 761 4891 Diabolum
777 4813 949 4889 calcaneo
963 4824 1108 4900 nostro,
1132 4819 1170 4889 id
1184 4811 1260 4888 lieri

1313 3018 1380 3106 ait,
1412 3031 1454 3090 ut
1468 3018 1640 3112 pupillam
1658 3017 1772 3102 oculi,
1801 3016 1851 3086 ita
1868 3039 1904 3086 se
1919 3013 2068 3086 Sanctus
2084 3037 2168 3085 suos
2188 3031 2308 3088 custo·

1313 3121 1408 3206 dire,
1431 3134 1465 3190 et
1479 3135 1522 3191 ut
1536 3119 1729 3202 custodiat,
1755 3142 1830 3193 oro.
1888 3116 1960 3187 Sed
1974 3117 2174 3210 pericnlum
2193 3143 2308 3212 quan-

1312 3236 1389 3292 tum
1405 3221 1467 3307 sit,
1491 3212 1629 3313 reputo.

1413 3321 1557 3406 Scribe,
1588 3344 1737 3418 quaeso,
1768 3319 1940 3415 quicquid
1959 3319 2142 3410 explorare
2161 3323 2306 3411 poteris.

1311 3419 1336 3506 ιι
1361 3421 1544 3495 Postremo
1559 3439 1595 3494 et
1609 3419 1676 3495 hoc
1691 3447 1766 3492 oco.
1814 3418 1927 3491 Debet
1946 3415 2096 3490 Albano
2111 3445 2306 3494 oeconomo

1312 3525 1452 3615 collegii
1473 3526 1588 3598 nostri
1608 3519 1764 3596 UIricns
1787 3515 1956 3592 Floccns.
2004 3517 2094 3592 Eam
2117 3523 2306 3613 pecuniam

1312 3652 1354 3696 ex
1375 3627 1571 3718 stipendio,
1603 3625 1700 3719 quod
1719 3623 1846 3718 pendit
1867 3618 2054 3696 Nicolons
2075 3617 2193 3693 Eirer
2216 3627 2306 3695 solvi

1312 3751 1431 3814 cures3
1461 3753 1503 3799 ac
1524 3728 1720 3798 cavendum
1742 3741 1810 3810 est,
1838 3750 1884 3794 ne
1904 3726 2000 3820 quod
2016 3720 2168 3794 Alberto
2189 3727 2307 3798 decidi

1312 3828 1498 3915 volumus,
1531 3828 1713 3922 perveniat
1735 3827 1774 3896 in
1796 3820 1927 3896 Flacci
1948 3849 2084 3898 manus.
2144 3824 2232 3898 Non
2256 3845 2307 3900 est

1313 3932 1492 4002 moderata
1509 3943 1635 4002 natura
1650 3942 1712 4000 aut
1725 3924 1839 4023 ἠθικὴ
1857 3928 1897 3998 in
1914 3922 2045 3999 Ulrico
2057 3919 2102 3995 F
2097 3922 2215 4014 locro,
2242 3931 2309 4002 etsi

1311 4055 1330 4104 a
1347 4033 1458 4104 literis
1474 4055 1550 4103 non
1566 4025 1744 4104 abhorret.
1797 4028 1954 4119 Quaeso,
1980 4043 2021 4099 ut
2036 4025 2129 4099 hauc
2146 4053 2224 4100 rem
2238 4057 2308 4124 pro

1310 4148 1371 4206 tua
1391 4135 1580 4228 prudentia
1602 4145 1762 4203 accurate
1782 4154 1875 4222 agas.
1937 4127 2028 4202 Nam
2053 4133 2235 4224 quomodo
2262 4136 2309 4206 sit

1310 4237 1444 4327 agenda
1459 4250 1499 4307 tu
1513 4233 1641 4307 melius
1657 4234 1814 4304 iudicare
1832 4232 1975 4324 poteris.
2018 4229 2193 4302 Fortassis
2216 4235 2308 4306 faci-

1310 4338 1393 4407 lima
1407 4339 1464 4408 via
1480 4351 1585 4424 esset,
1610 4336 1640 4406 si
1658 4333 1791 4408 curaris
1808 4329 1898 4403 mibi
1916 4333 2121 4426 pensionem
2137 4333 2307 4426 stipendii

1309 4439 1421 4526 mitti,
1460 4463 1544 4510 cum
1568 4437 1658 4508 solet
1682 4435 1893 4520 numerari.”
1956 4432 2056 4504 Bene
2081 4435 2159 4506 vale
2186 4450 2222 4508 ct
2247 4463 2306 4508 ra-

1308 4541 1433 4617 scribc.
1483 4537 1552 4612 Die
1570 4532 1742 4610 lobannis
1759 4533 1949 4708 Baptqsitlae.
2022 4634 2100 4708 Ml
2164 4633 2189 4708 b

1902 4661 2007 4730 rppus
2068 4652 2164 4710 eant
2192 4663 2253 4714 nn.

264 4927 448 5009 atrociter,
488 4925 712 5016 experimur.¹
764 4919 837 4992 Sed
862 4919 996 4992 Filium
1017 4917 1085 4990 Dei
1110 4942 1259 5006 oremus,
1305 4937 1372 5012 No,
1388 4937 1503 5013 2971,

263 5044 306 5102 ut
320 5042 425 5120 caput
449 5024 667 5096 insidiatoris
684 5025 878 5096 conculcet.

365 5123 462 5200 Mibi
488 5128 617 5197 vulnus
639 5127 723 5197 fecit
744 5141 826 5196 ante
851 5144 982 5215 paucos
1003 5145 1141 5192 menses
1164 5122 1256 5193 filiae

263 5234 458 5316 calamitas,
483 5228 540 5328 rel
554 5227 671 5321 potius
687 5233 757 5300 τοῦ
769 5225 950 5328 γαμβροῦ
964 5225 1128 5312 saevitia,
1158 5230 1253 5320 quod

295 5489 325 5562 ¹¹)
346 5489 409 5546 Vid.
421 5505 462 5560 ep.
476 5483 633 5544 d.!l.1un.

1310 5031 1483 5066 m

1323 5166 1327 5201 l

1370 5269 1447 5343 †Er
1470 5269 1638 5342 autographo
1657 5268 1726 5324 Mel.
1745 5267 1775 5321 in
1794 5267 1857 5322 eod.
1873 5247 2022 5332 Monuni,
2033 5287 2066 5392 p.
2081 5269 2144 5326 662.
2185 5271 2235 5327 Est
2254 5294 2297 5344 p..

1420 5339 1472 5394 ella
1492 5359 1505 5394 c
1527 5341 1620 5395 istolae
1639 5338 1671 5392 sd
1691 5333 1866 5392 'l'lieoclorum
1886 5335 2006 5400 inclusa,

1400 5359 1563 5550 pbgaieta.
1583 5407 1674 5471 titii..
1697 5406 1816 5470 adiecta,
1839 5415 1870 5458 ut
1889 5404 1984 5462 Eirero
2004 5411 2154 5464 monstrari
2174 5414 2217 5468 vel
2238 5411 2294 5468 dari

2045 5347 2149 5394 ortasse
2166 5341 2297 5411 epistolae
2393 5339 2394 5386 ἶ
