<?xml version="1.0" encoding="UTF-8"?>
<!DOCTYPE html PUBLIC "-//W3C//DTD XHTML 1.0 Transitional//EN"
    "http://www.w3.org/TR/xhtml1/DTD/xhtml1-transitional.dtd">
<html xmlns="http://www.w3.org/1999/xhtml" xml:lang="en" lang="en">
 <head>
  <title>
</title>
<meta http-equiv="Content-Type" content="text/html;charset=utf-8" />
  <meta name='ocr-system' content='tesseract 3.04.00' />
  <meta name='ocr-capabilities' content='ocr_page ocr_carea ocr_par ocr_line ocrx_word'/>
</head>
<body>
  <div class='ocr_page' id='page_1' title='image "./copusreformator00bretgoog_0458.png"; bbox 0 0 4864 6244; ppageno 0'>
   <div class='ocr_carea' id='block_1_1' title="bbox 250 317 2298 468">
    <p class='ocr_par' dir='ltr' id='par_1_1' title="bbox 250 317 2298 468">
     <span class='ocr_line' id='line_1_1' title="bbox 250 317 2298 468; baseline 0 -61"><span class='ocrx_word' id='word_1_1' title='bbox 250 333 328 410; x_wconf 80' lang='lat' dir='ltr'><strong>sot</strong></span> <span class='ocrx_word' id='word_1_2' title='bbox 825 327 1268 468; x_wconf 69' lang='lat' dir='ltr'><strong>uets&#39;ronattttnt</strong></span> <span class='ocrx_word' id='word_1_3' title='bbox 1318 329 1428 418; x_wconf 80' lang='lat' dir='ltr'><strong>nte.</strong></span> <span class='ocrx_word' id='word_1_4' title='bbox 1460 317 1535 416; x_wconf 71' lang='lat' dir='ltr'><strong>uc</strong></span> <span class='ocrx_word' id='word_1_5' title='bbox 1578 335 1713 412; x_wconf 79' lang='lat'><strong>1645.</strong></span> <span class='ocrx_word' id='word_1_6' title='bbox 2224 335 2298 408; x_wconf 87' lang='lat' dir='ltr'><strong>aas</strong></span> 
     </span>
    </p>
   </div>
   <div class='ocr_carea' id='block_1_2' title="bbox 251 505 2431 5630">
    <p class='ocr_par' dir='ltr' id='par_1_2' title="bbox 251 505 2304 2037">
     <span class='ocr_line' id='line_1_2' title="bbox 251 505 2296 608; baseline -0.002 -24"><span class='ocrx_word' id='word_1_7' title='bbox 251 533 331 584; x_wconf 86' lang='lat' dir='ltr'><strong>mea</strong></span> <span class='ocrx_word' id='word_1_8' title='bbox 349 509 606 582; x_wconf 87' lang='lat' dir='ltr'><strong>immundities·</strong></span> <span class='ocrx_word' id='word_1_9' title='bbox 614 511 755 602; x_wconf 90' lang='lat' dir='ltr'><strong>tegitur.</strong></span> <span class='ocrx_word' id='word_1_10' title='bbox 808 509 887 582; x_wconf 90' lang='lat' dir='ltr'><strong>lmo</strong></span> <span class='ocrx_word' id='word_1_11' title='bbox 903 537 989 584; x_wconf 85' lang='lat' dir='ltr'><strong>vero</strong></span> <span class='ocrx_word' id='word_1_12' title='bbox 1005 534 1086 584; x_wconf 89' lang='lat' dir='ltr'><strong>curn</strong></span> <span class='ocrx_word' id='word_1_13' title='bbox 1101 514 1251 605; x_wconf 81' lang='lat' dir='ltr'><strong>gemitus</strong></span> <span class='ocrx_word' id='word_1_14' title='bbox 1300 527 1377 585; x_wconf 93' lang='lat' dir='ltr'><strong>tum</strong></span> <span class='ocrx_word' id='word_1_15' title='bbox 1390 513 1592 598; x_wconf 70' lang='lat' dir='ltr'><strong>studiosos,</strong></span> <span class='ocrx_word' id='word_1_16' title='bbox 1608 533 1762 608; x_wconf 88' lang='lat' dir='ltr'><strong>quorum</strong></span> <span class='ocrx_word' id='word_1_17' title='bbox 1777 509 1916 582; x_wconf 90' lang='lat' dir='ltr'><strong>iudicia</strong></span> <span class='ocrx_word' id='word_1_18' title='bbox 1929 505 2047 581; x_wconf 89' lang='lat' dir='ltr'><strong>adhuc</strong></span> <span class='ocrx_word' id='word_1_19' title='bbox 2063 531 2127 603; x_wconf 84' lang='lat' dir='ltr'><strong>per</strong></span> <span class='ocrx_word' id='word_1_20' title='bbox 2147 522 2296 581; x_wconf 84' lang='lat' dir='ltr'><strong>aetatem</strong></span> 
     </span>
     <span class='ocr_line' id='line_1_3' title="bbox 253 611 2298 708; baseline -0.001 -24"><span class='ocrx_word' id='word_1_21' title='bbox 253 614 329 685; x_wconf 89' lang='lat' dir='ltr'><strong>eius</strong></span> <span class='ocrx_word' id='word_1_22' title='bbox 353 627 388 683; x_wconf 92' lang='lat' dir='ltr'><strong>et</strong></span> <span class='ocrx_word' id='word_1_23' title='bbox 408 615 579 708; x_wconf 82' lang='lat' dir='ltr'><strong>lacrymas</strong></span> <span class='ocrx_word' id='word_1_24' title='bbox 600 614 705 685; x_wconf 85' lang='lat' dir='ltr'><strong>amici</strong></span> <span class='ocrx_word' id='word_1_25' title='bbox 720 615 903 703; x_wconf 89' lang='lat' dir='ltr'><strong>viderent,</strong></span> <span class='ocrx_word' id='word_1_26' title='bbox 924 631 958 688; x_wconf 90' lang='lat' dir='ltr'><strong>et</strong></span> <span class='ocrx_word' id='word_1_27' title='bbox 973 619 1097 688; x_wconf 89' lang='lat' dir='ltr'><strong>mortis</strong></span> <span class='ocrx_word' id='word_1_28' title='bbox 1114 631 1249 688; x_wconf 88' lang='lat' dir='ltr'><strong>metum</strong></span> <span class='ocrx_word' id='word_1_29' title='bbox 1296 617 1494 688; x_wconf 87' lang='lat' dir='ltr'><strong>infirmiora</strong></span> <span class='ocrx_word' id='word_1_30' title='bbox 1524 630 1625 702; x_wconf 90' lang='lat' dir='ltr'><strong>sunt,</strong></span> <span class='ocrx_word' id='word_1_31' title='bbox 1658 639 1807 698; x_wconf 89' lang='lat' dir='ltr'><strong>moneo,</strong></span> <span class='ocrx_word' id='word_1_32' title='bbox 1842 637 1890 684; x_wconf 92' lang='lat' dir='ltr'><strong>ne</strong></span> <span class='ocrx_word' id='word_1_33' title='bbox 1910 612 2052 704; x_wconf 78' lang='lat' dir='ltr'><strong>tragicis</strong></span> <span class='ocrx_word' id='word_1_34' title='bbox 2079 611 2298 683; x_wconf 88' lang='lat' dir='ltr'><strong>clamoribus</strong></span> 
     </span>
     <span class='ocr_line' id='line_1_4' title="bbox 253 712 2303 816; baseline -0.001 -30"><span class='ocrx_word' id='word_1_35' title='bbox 253 717 443 808; x_wconf 91' lang='lat' dir='ltr'><strong>indignum</strong></span> <span class='ocrx_word' id='word_1_36' title='bbox 466 715 529 786; x_wconf 89' lang='lat' dir='ltr'><strong>tali</strong></span> <span class='ocrx_word' id='word_1_37' title='bbox 543 717 621 788; x_wconf 90' lang='lat' dir='ltr'><strong>viro</strong></span> <span class='ocrx_word' id='word_1_38' title='bbox 644 739 719 788; x_wconf 88' lang='lat' dir='ltr'><strong>esse</strong></span> <span class='ocrx_word' id='word_1_39' title='bbox 739 717 959 798; x_wconf 88' lang='lat' dir='ltr'><strong>iudicarent,</strong></span> <span class='ocrx_word' id='word_1_40' title='bbox 985 720 1188 812; x_wconf 84' lang='lat' dir='ltr'>respondit,</span> <span class='ocrx_word' id='word_1_41' title='bbox 1214 740 1250 788; x_wconf 91' lang='lat' dir='ltr'><strong>se</strong></span> <span class='ocrx_word' id='word_1_42' title='bbox 1298 715 1424 806; x_wconf 79' lang='lat' dir='ltr'><strong>Eccit&#39;,</strong></span> <span class='ocrx_word' id='word_1_43' title='bbox 1435 712 1554 816; x_wconf 76' lang='lat' dir='ltr'><strong>Pygit&#39;</strong></span> <span class='ocrx_word' id='word_1_44' title='bbox 1568 733 1601 789; x_wconf 93' lang='lat' dir='ltr'><strong>et</strong></span> <span class='ocrx_word' id='word_1_45' title='bbox 1615 719 1787 791; x_wconf 82' lang='lat' dir='ltr'><strong>similium</strong></span> <span class='ocrx_word' id='word_1_46' title='bbox 1803 719 2073 810; x_wconf 81' lang='lat' dir='ltr'><strong>perturbentur,</strong></span> <span class='ocrx_word' id='word_1_47' title='bbox 2086 715 2150 809; x_wconf 92' lang='lat' dir='ltr'><strong>qui</strong></span> <span class='ocrx_word' id='word_1_48' title='bbox 2164 715 2303 785; x_wconf 83' lang='lat' dir='ltr'><strong>vocife-</strong></span> 
     </span>
     <span class='ocr_line' id='line_1_5' title="bbox 253 817 2303 914; baseline -0 -26"><span class='ocrx_word' id='word_1_49' title='bbox 253 843 329 891; x_wconf 89' lang='lat' dir='ltr'><strong>non</strong></span> <span class='ocrx_word' id='word_1_50' title='bbox 344 819 525 902; x_wconf 89' lang='lat' dir='ltr'><strong>eodolere,</strong></span> <span class='ocrx_word' id='word_1_51' title='bbox 541 822 625 914; x_wconf 91' lang='lat' dir='ltr'><strong>quia</strong></span> <span class='ocrx_word' id='word_1_52' title='bbox 641 845 683 891; x_wconf 86' lang='lat' dir='ltr'><strong>ex</strong></span> <span class='ocrx_word' id='word_1_53' title='bbox 691 817 758 891; x_wconf 89' lang='lat' dir='ltr'><strong>hac</strong></span> <span class='ocrx_word' id='word_1_54' title='bbox 767 821 839 892; x_wconf 89' lang='lat' dir='ltr'><strong>vita</strong></span> <span class='ocrx_word' id='word_1_55' title='bbox 851 823 1134 894; x_wconf 91' lang='lat' dir='ltr'><strong>discendendum</strong></span> <span class='ocrx_word' id='word_1_56' title='bbox 1152 836 1253 908; x_wconf 89' lang='lat' dir='ltr'><strong>esset,</strong></span> <span class='ocrx_word' id='word_1_57' title='bbox 1297 837 1440 908; x_wconf 89' lang='lat' dir='ltr'><strong>rantur,</strong></span> <span class='ocrx_word' id='word_1_58' title='bbox 1466 845 1621 904; x_wconf 88' lang='lat' dir='ltr'><strong>novum,</strong></span> <span class='ocrx_word' id='word_1_59' title='bbox 1645 822 1870 902; x_wconf 87' lang='lat' dir='ltr'><strong>inauditum,</strong></span> <span class='ocrx_word' id='word_1_60' title='bbox 1889 821 2102 899; x_wconf 82' lang='lat' dir='ltr'><strong>absurdum,</strong></span> <span class='ocrx_word' id='word_1_61' title='bbox 2119 817 2303 910; x_wconf 87' lang='lat' dir='ltr'><strong>pernicio-</strong></span> 
     </span>
     <span class='ocr_line' id='line_1_6' title="bbox 254 917 2302 1018; baseline -0.001 -26"><span class='ocrx_word' id='word_1_62' title='bbox 254 923 315 992; x_wconf 89' lang='lat' dir='ltr'><strong>sed</strong></span> <span class='ocrx_word' id='word_1_63' title='bbox 342 921 425 1016; x_wconf 90' lang='lat' dir='ltr'><strong>quia</strong></span> <span class='ocrx_word' id='word_1_64' title='bbox 452 945 549 992; x_wconf 92' lang='lat' dir='ltr'><strong>nunc</strong></span> <span class='ocrx_word' id='word_1_65' title='bbox 576 924 687 1014; x_wconf 88' lang='lat' dir='ltr'><strong>magis</strong></span> <span class='ocrx_word' id='word_1_66' title='bbox 711 923 832 995; x_wconf 89' lang='lat' dir='ltr'><strong>videat</strong></span> <span class='ocrx_word' id='word_1_67' title='bbox 858 948 957 994; x_wconf 90' lang='lat' dir='ltr'><strong>suam</strong></span> <span class='ocrx_word' id='word_1_68' title='bbox 982 925 1252 996; x_wconf 79' lang='lat' dir='ltr'><strong>immunditiem</strong></span> <span class='ocrx_word' id='word_1_69' title='bbox 1298 949 1376 996; x_wconf 92' lang='lat' dir='ltr'><strong>sum</strong></span> <span class='ocrx_word' id='word_1_70' title='bbox 1386 928 1514 1016; x_wconf 88' lang='lat' dir='ltr'><strong>dogma</strong></span> <span class='ocrx_word' id='word_1_71' title='bbox 1525 927 1562 994; x_wconf 92' lang='lat' dir='ltr'><strong>in</strong></span> <span class='ocrx_word' id='word_1_72' title='bbox 1573 921 1882 996; x_wconf 87' lang='lat' dir='ltr'><strong>nostrisEcclesiis</strong></span> <span class='ocrx_word' id='word_1_73' title='bbox 1892 921 2025 1018; x_wconf 89' lang='lat' dir='ltr'><strong>spargi:</strong></span> <span class='ocrx_word' id='word_1_74' title='bbox 2046 917 2215 990; x_wconf 87' lang='lat' dir='ltr'><strong>homines</strong></span> <span class='ocrx_word' id='word_1_75' title='bbox 2231 919 2302 990; x_wconf 85' lang='lat' dir='ltr'><strong>lide</strong></span> 
     </span>
     <span class='ocr_line' id='line_1_7' title="bbox 255 1022 2304 1120; baseline -0.002 -25"><span class='ocrx_word' id='word_1_76' title='bbox 255 1049 361 1120; x_wconf 88' lang='lat' dir='ltr'><strong>quarn</strong></span> <span class='ocrx_word' id='word_1_77' title='bbox 380 1038 502 1105; x_wconf 90' lang='lat' dir='ltr'><strong>antea,</strong></span> <span class='ocrx_word' id='word_1_78' title='bbox 533 1049 572 1095; x_wconf 92' lang='lat' dir='ltr'><strong>ac</strong></span> <span class='ocrx_word' id='word_1_79' title='bbox 588 1027 773 1119; x_wconf 91' lang='lat' dir='ltr'><strong>deplorare</strong></span> <span class='ocrx_word' id='word_1_80' title='bbox 796 1050 833 1097; x_wconf 90' lang='lat' dir='ltr'><strong>se</strong></span> <span class='ocrx_word' id='word_1_81' title='bbox 849 1028 1029 1098; x_wconf 89' lang='lat' dir='ltr'><strong>miseriam</strong></span> <span class='ocrx_word' id='word_1_82' title='bbox 1047 1043 1082 1100; x_wconf 88' lang='lat' dir='ltr'><strong>et</strong></span> <span class='ocrx_word' id='word_1_83' title='bbox 1094 1053 1194 1100; x_wconf 88' lang='lat' dir='ltr'><strong>suam</strong></span> <span class='ocrx_word' id='word_1_84' title='bbox 1219 1041 1254 1098; x_wconf 92' lang='lat' dir='ltr'><strong>et</strong></span> <span class='ocrx_word' id='word_1_85' title='bbox 1297 1029 1410 1098; x_wconf 88' lang='lat' dir='ltr'><strong>iustos</strong></span> <span class='ocrx_word' id='word_1_86' title='bbox 1425 1051 1510 1098; x_wconf 89' lang='lat' dir='ltr'><strong>esse.</strong></span> <span class='ocrx_word' id='word_1_87' title='bbox 1537 1027 1711 1099; x_wconf 85' lang='lat' dir='ltr'><strong>Furorem</strong></span> <span class='ocrx_word' id='word_1_88' title='bbox 1731 1027 1967 1098; x_wconf 81' lang='lat' dir='ltr'><strong>execrandum</strong></span> <span class='ocrx_word' id='word_1_89' title='bbox 1983 1047 2057 1093; x_wconf 89' lang='lat' dir='ltr'><strong>esse</strong></span> <span class='ocrx_word' id='word_1_90' title='bbox 2073 1022 2213 1108; x_wconf 90' lang='lat' dir='ltr'><strong>dicunt,</strong></span> <span class='ocrx_word' id='word_1_91' title='bbox 2232 1023 2304 1092; x_wconf 87' lang='lat' dir='ltr'><strong>lin-</strong></span> 
     </span>
     <span class='ocr_line' id='line_1_8' title="bbox 254 1119 2304 1222; baseline -0.002 -24"><span class='ocrx_word' id='word_1_92' title='bbox 254 1128 425 1209; x_wconf 91' lang='lat' dir='ltr'><strong>aliorum,</strong></span> <span class='ocrx_word' id='word_1_93' title='bbox 448 1126 532 1220; x_wconf 88' lang='lat' dir='ltr'><strong>quia</strong></span> <span class='ocrx_word' id='word_1_94' title='bbox 554 1153 634 1198; x_wconf 89' lang='lat' dir='ltr'><strong>curn</strong></span> <span class='ocrx_word' id='word_1_95' title='bbox 652 1130 941 1200; x_wconf 85' lang='lat' dir='ltr'><strong>circumferamus</strong></span> <span class='ocrx_word' id='word_1_96' title='bbox 963 1132 1073 1204; x_wconf 81' lang='lat' dir='ltr'><strong>multe</strong></span> <span class='ocrx_word' id='word_1_97' title='bbox 1096 1131 1253 1220; x_wconf 88' lang='lat' dir='ltr'><strong>ingentia</strong></span> <span class='ocrx_word' id='word_1_98' title='bbox 1298 1155 1378 1222; x_wconf 90' lang='lat' dir='ltr'><strong>gere</strong></span> <span class='ocrx_word' id='word_1_99' title='bbox 1393 1125 1575 1201; x_wconf 89' lang='lat' dir='ltr'><strong>hominem</strong></span> <span class='ocrx_word' id='word_1_100' title='bbox 1591 1129 1722 1202; x_wconf 83' lang='lat' dir='ltr'><strong>noticia</strong></span> <span class='ocrx_word' id='word_1_101' title='bbox 1740 1130 1871 1201; x_wconf 91' lang='lat' dir='ltr'><strong>iustum</strong></span> <span class='ocrx_word' id='word_1_102' title='bbox 1890 1123 1974 1201; x_wconf 85' lang='lat' dir='ltr'><strong>esse.¹</strong></span> <span class='ocrx_word' id='word_1_103' title='bbox 2027 1121 2211 1196; x_wconf 85' lang='lat' dir='ltr'><strong>Adversus</strong></span> <span class='ocrx_word' id='word_1_104' title='bbox 2235 1119 2304 1194; x_wconf 87' lang='lat' dir='ltr'><strong>hos</strong></span> 
     </span>
     <span class='ocr_line' id='line_1_9' title="bbox 255 1226 2304 1325; baseline -0.002 -24"><span class='ocrx_word' id='word_1_105' title='bbox 255 1241 290 1301; x_wconf 90' lang='lat' dir='ltr'><strong>et</strong></span> <span class='ocrx_word' id='word_1_106' title='bbox 312 1251 440 1298; x_wconf 89' lang='lat' dir='ltr'><strong>areana</strong></span> <span class='ocrx_word' id='word_1_107' title='bbox 463 1244 621 1320; x_wconf 89' lang='lat' dir='ltr'><strong>peccata,</strong></span> <span class='ocrx_word' id='word_1_108' title='bbox 653 1243 774 1302; x_wconf 89' lang='lat' dir='ltr'><strong>tamen</strong></span> <span class='ocrx_word' id='word_1_109' title='bbox 796 1233 909 1304; x_wconf 92' lang='lat' dir='ltr'><strong>securi</strong></span> <span class='ocrx_word' id='word_1_110' title='bbox 929 1229 1023 1302; x_wconf 91' lang='lat' dir='ltr'><strong>nihil</strong></span> <span class='ocrx_word' id='word_1_111' title='bbox 1047 1234 1254 1304; x_wconf 76' lang='lat' dir='ltr'><strong>adiiciamus</strong></span> <span class='ocrx_word' id='word_1_112' title='bbox 1298 1233 1448 1304; x_wconf 90' lang='lat' dir='ltr'><strong>Titanas</strong></span> <span class='ocrx_word' id='word_1_113' title='bbox 1471 1233 1643 1325; x_wconf 92' lang='lat' dir='ltr'><strong>opponito</strong></span> <span class='ocrx_word' id='word_1_114' title='bbox 1667 1233 1855 1302; x_wconf 88' lang='lat' dir='ltr'><strong>conciones</strong></span> <span class='ocrx_word' id='word_1_115' title='bbox 1883 1230 1950 1298; x_wconf 86' lang='lat' dir='ltr'><strong>lilii</strong></span> <span class='ocrx_word' id='word_1_116' title='bbox 1971 1227 2031 1299; x_wconf 89' lang='lat' dir='ltr'><strong>dei</strong></span> <span class='ocrx_word' id='word_1_117' title='bbox 2060 1240 2096 1298; x_wconf 88' lang='lat' dir='ltr'><strong>ct</strong></span> <span class='ocrx_word' id='word_1_118' title='bbox 2119 1226 2304 1312; x_wconf 86' lang='lat' dir='ltr'><strong>Paulinas,</strong></span> 
     </span>
     <span class='ocr_line' id='line_1_10' title="bbox 254 1329 2304 1430; baseline -0.003 -28"><span class='ocrx_word' id='word_1_119' title='bbox 254 1330 468 1424; x_wconf 82' lang='lat' dir='ltr'><strong>cogitatione</strong></span> <span class='ocrx_word' id='word_1_120' title='bbox 489 1330 700 1403; x_wconf 88' lang='lat' dir='ltr'><strong>iustissimae</strong></span> <span class='ocrx_word' id='word_1_121' title='bbox 724 1335 798 1404; x_wconf 91' lang='lat' dir='ltr'><strong>irae</strong></span> <span class='ocrx_word' id='word_1_122' title='bbox 819 1336 889 1409; x_wconf 91' lang='lat' dir='ltr'><strong>dei.</strong></span> <span class='ocrx_word' id='word_1_123' title='bbox 942 1333 1043 1406; x_wconf 87' lang='lat' dir='ltr'><strong>Alibi</strong></span> <span class='ocrx_word' id='word_1_124' title='bbox 1066 1337 1175 1426; x_wconf 89' lang='lat' dir='ltr'><strong>igitur</strong></span> <span class='ocrx_word' id='word_1_125' title='bbox 1196 1335 1253 1405; x_wconf 91' lang='lat' dir='ltr'><strong>di·</strong></span> <span class='ocrx_word' id='word_1_126' title='bbox 1299 1336 1483 1430; x_wconf 90' lang='lat' dir='ltr'><strong>inquibus</strong></span> <span class='ocrx_word' id='word_1_127' title='bbox 1499 1335 1603 1405; x_wconf 92' lang='lat' dir='ltr'><strong>toties</strong></span> <span class='ocrx_word' id='word_1_128' title='bbox 1619 1336 1818 1405; x_wconf 88' lang='lat' dir='ltr'><strong>inculcatur</strong></span> <span class='ocrx_word' id='word_1_129' title='bbox 1842 1329 1912 1404; x_wconf 91' lang='lat' dir='ltr'><strong>hoc</strong></span> <span class='ocrx_word' id='word_1_130' title='bbox 1927 1332 2078 1402; x_wconf 90' lang='lat' dir='ltr'><strong>dictum:</strong></span> <span class='ocrx_word' id='word_1_131' title='bbox 2100 1329 2172 1398; x_wconf 84' lang='lat' dir='ltr'><strong>fide</strong></span> <span class='ocrx_word' id='word_1_132' title='bbox 2197 1329 2304 1400; x_wconf 83' lang='lat' dir='ltr'><strong>iusti-</strong></span> 
     </span>
     <span class='ocr_line' id='line_1_11' title="bbox 255 1432 2303 1530; baseline -0.002 -26"><span class='ocrx_word' id='word_1_133' title='bbox 255 1447 346 1504; x_wconf 90' lang='lat' dir='ltr'><strong>serte</strong></span> <span class='ocrx_word' id='word_1_134' title='bbox 367 1445 402 1504; x_wconf 89' lang='lat' dir='ltr'><strong>et</strong></span> <span class='ocrx_word' id='word_1_135' title='bbox 424 1433 609 1526; x_wconf 89' lang='lat' dir='ltr'><strong>perspicue</strong></span> <span class='ocrx_word' id='word_1_136' title='bbox 640 1437 823 1524; x_wconf 85' lang='lat' dir='ltr'><strong>adfirmat,</strong></span> <span class='ocrx_word' id='word_1_137' title='bbox 848 1439 918 1508; x_wconf 83' lang='lat' dir='ltr'><strong>fide</strong></span> <span class='ocrx_word' id='word_1_138' title='bbox 940 1437 1052 1530; x_wconf 86' lang='lat' dir='ltr'><strong>accipi</strong></span> <span class='ocrx_word' id='word_1_139' title='bbox 1075 1438 1253 1508; x_wconf 90' lang='lat' dir='ltr'><strong>remissio·</strong></span> <span class='ocrx_word' id='word_1_140' title='bbox 1299 1439 1578 1528; x_wconf 84' lang='lat' dir='ltr'><strong>ficamurgratis.</strong></span> <span class='ocrx_word' id='word_1_141' title='bbox 1629 1436 1800 1530; x_wconf 87' lang='lat' dir='ltr'><strong>Inprimis</strong></span> <span class='ocrx_word' id='word_1_142' title='bbox 1815 1459 1898 1505; x_wconf 92' lang='lat' dir='ltr'><strong>vero</strong></span> <span class='ocrx_word' id='word_1_143' title='bbox 1912 1446 2091 1504; x_wconf 87' lang='lat' dir='ltr'><strong>memento</strong></span> <span class='ocrx_word' id='word_1_144' title='bbox 2108 1433 2245 1502; x_wconf 89' lang='lat' dir='ltr'><strong>dictum</strong></span> <span class='ocrx_word' id='word_1_145' title='bbox 2262 1432 2303 1500; x_wconf 93' lang='lat' dir='ltr'><strong>in</strong></span> 
     </span>
     <span class='ocr_line' id='line_1_12' title="bbox 254 1530 2304 1632; baseline -0.002 -26"><span class='ocrx_word' id='word_1_146' title='bbox 254 1560 337 1606; x_wconf 89' lang='lat' dir='ltr'><strong>nem</strong></span> <span class='ocrx_word' id='word_1_147' title='bbox 362 1549 606 1628; x_wconf 90' lang='lat' dir='ltr'><strong>peccatorum,</strong></span> <span class='ocrx_word' id='word_1_148' title='bbox 632 1553 667 1610; x_wconf 91' lang='lat' dir='ltr'><strong>et</strong></span> <span class='ocrx_word' id='word_1_149' title='bbox 690 1541 802 1628; x_wconf 86' lang='lat' dir='ltr'><strong>iustos</strong></span> <span class='ocrx_word' id='word_1_150' title='bbox 824 1540 1056 1632; x_wconf 86' lang='lat' dir='ltr'><strong>pronunciari</strong></span> <span class='ocrx_word' id='word_1_151' title='bbox 1081 1564 1147 1610; x_wconf 92' lang='lat' dir='ltr'><strong>nos</strong></span> <span class='ocrx_word' id='word_1_152' title='bbox 1168 1564 1253 1632; x_wconf 90' lang='lat' dir='ltr'><strong>pro·</strong></span> <span class='ocrx_word' id='word_1_153' title='bbox 1299 1535 1415 1610; x_wconf 89' lang='lat' dir='ltr'><strong>Actis:</strong></span> <span class='ocrx_word' id='word_1_154' title='bbox 1445 1535 1530 1610; x_wconf 90' lang='lat' dir='ltr'><strong>huic</strong></span> <span class='ocrx_word' id='word_1_155' title='bbox 1556 1563 1680 1609; x_wconf 89' lang='lat' dir='ltr'><strong>omnes</strong></span> <span class='ocrx_word' id='word_1_156' title='bbox 1705 1533 1899 1632; x_wconf 89' lang='lat' dir='ltr'><strong>prophetae</strong></span> <span class='ocrx_word' id='word_1_157' title='bbox 1917 1534 2161 1607; x_wconf 86' lang='lat' dir='ltr'><strong>testimonium</strong></span> <span class='ocrx_word' id='word_1_158' title='bbox 2177 1530 2304 1626; x_wconf 86' lang='lat' dir='ltr'><strong>perhi-</strong></span> 
     </span>
     <span class='ocr_line' id='line_1_13' title="bbox 254 1636 2303 1734; baseline -0.003 -23"><span class='ocrx_word' id='word_1_159' title='bbox 254 1655 332 1732; x_wconf 90' lang='lat' dir='ltr'><strong>pter</strong></span> <span class='ocrx_word' id='word_1_160' title='bbox 357 1639 600 1716; x_wconf 87' lang='lat' dir='ltr'><strong>mediatorem.</strong></span> <span class='ocrx_word' id='word_1_161' title='bbox 656 1637 706 1712; x_wconf 85' lang='lat' dir='ltr'><strong>Et</strong></span> <span class='ocrx_word' id='word_1_162' title='bbox 727 1636 793 1712; x_wconf 91' lang='lat' dir='ltr'><strong>hac</strong></span> <span class='ocrx_word' id='word_1_163' title='bbox 814 1643 883 1714; x_wconf 89' lang='lat' dir='ltr'><strong>lide</strong></span> <span class='ocrx_word' id='word_1_164' title='bbox 907 1657 1042 1713; x_wconf 89' lang='lat' dir='ltr'><strong>mentes</strong></span> <span class='ocrx_word' id='word_1_165' title='bbox 1065 1641 1253 1714; x_wconf 91' lang='lat' dir='ltr'><strong>consolan·</strong></span> <span class='ocrx_word' id='word_1_166' title='bbox 1298 1644 1403 1724; x_wconf 91' lang='lat' dir='ltr'><strong>bcnt,</strong></span> <span class='ocrx_word' id='word_1_167' title='bbox 1436 1642 1594 1734; x_wconf 91' lang='lat' dir='ltr'><strong>accipere</strong></span> <span class='ocrx_word' id='word_1_168' title='bbox 1617 1643 1863 1712; x_wconf 88' lang='lat' dir='ltr'><strong>remissionem</strong></span> <span class='ocrx_word' id='word_1_169' title='bbox 1895 1651 2120 1732; x_wconf 90' lang='lat' dir='ltr'><strong>peccatorum</strong></span> <span class='ocrx_word' id='word_1_170' title='bbox 2141 1659 2207 1727; x_wconf 91' lang='lat' dir='ltr'><strong>per</strong></span> <span class='ocrx_word' id='word_1_171' title='bbox 2234 1660 2303 1706; x_wconf 94' lang='lat' dir='ltr'><strong>no-</strong></span> 
     </span>
     <span class='ocr_line' id='line_1_14' title="bbox 255 1734 2304 1839; baseline -0.002 -28"><span class='ocrx_word' id='word_1_172' title='bbox 255 1744 319 1811; x_wconf 91' lang='lat' dir='ltr'><strong>das</strong></span> <span class='ocrx_word' id='word_1_173' title='bbox 334 1763 419 1827; x_wconf 89' lang='lat' dir='ltr'><strong>esse,</strong></span> <span class='ocrx_word' id='word_1_174' title='bbox 435 1765 526 1838; x_wconf 85' lang='lat' dir='ltr'><strong>quae</strong></span> <span class='ocrx_word' id='word_1_175' title='bbox 540 1758 776 1835; x_wconf 87' lang='lat' dir='ltr'><strong>expavescunt</strong></span> <span class='ocrx_word' id='word_1_176' title='bbox 791 1759 825 1816; x_wconf 91' lang='lat' dir='ltr'><strong>et</strong></span> <span class='ocrx_word' id='word_1_177' title='bbox 838 1745 981 1836; x_wconf 89' lang='lat' dir='ltr'><strong>lugiunt</strong></span> <span class='ocrx_word' id='word_1_178' title='bbox 997 1747 1114 1830; x_wconf 90' lang='lat' dir='ltr'><strong>deum,</strong></span> <span class='ocrx_word' id='word_1_179' title='bbox 1135 1743 1253 1833; x_wconf 89' lang='lat' dir='ltr'><strong>agnita</strong></span> <span class='ocrx_word' id='word_1_180' title='bbox 1298 1766 1381 1814; x_wconf 89' lang='lat' dir='ltr'><strong>men</strong></span> <span class='ocrx_word' id='word_1_181' title='bbox 1406 1745 1481 1814; x_wconf 78' lang='lat' dir='ltr'><strong>airis</strong></span> <span class='ocrx_word' id='word_1_182' title='bbox 1505 1746 1715 1839; x_wconf 87' lang='lat' dir='ltr'><strong>omnesqui</strong></span> <span class='ocrx_word' id='word_1_183' title='bbox 1738 1747 1886 1814; x_wconf 92' lang='lat' dir='ltr'><strong>credunt</strong></span> <span class='ocrx_word' id='word_1_184' title='bbox 1911 1743 1951 1810; x_wconf 94' lang='lat' dir='ltr'><strong>in</strong></span> <span class='ocrx_word' id='word_1_185' title='bbox 1975 1765 2070 1810; x_wconf 86' lang='lat' dir='ltr'><strong>eum.</strong></span> <span class='ocrx_word' id='word_1_186' title='bbox 2122 1734 2304 1808; x_wconf 87' lang='lat' dir='ltr'><strong>Omnium</strong></span> 
     </span>
     <span class='ocr_line' id='line_1_15' title="bbox 255 1839 2303 1943; baseline -0 -30"><span class='ocrx_word' id='word_1_187' title='bbox 255 1843 411 1916; x_wconf 89' lang='lat' dir='ltr'><strong>eiusira.</strong></span> <span class='ocrx_word' id='word_1_188' title='bbox 454 1842 572 1916; x_wconf 91' lang='lat' dir='ltr'><strong>Multa</strong></span> <span class='ocrx_word' id='word_1_189' title='bbox 589 1846 684 1916; x_wconf 89' lang='lat' dir='ltr'><strong>enim</strong></span> <span class='ocrx_word' id='word_1_190' title='bbox 706 1859 824 1917; x_wconf 81' lang='lat' dir='ltr'><strong>extant</strong></span> <span class='ocrx_word' id='word_1_191' title='bbox 839 1848 914 1918; x_wconf 91' lang='lat' dir='ltr'><strong>eius</strong></span> <span class='ocrx_word' id='word_1_192' title='bbox 931 1848 1044 1933; x_wconf 90' lang='lat' dir='ltr'><strong>dicta,</strong></span> <span class='ocrx_word' id='word_1_193' title='bbox 1070 1871 1160 1943; x_wconf 93' lang='lat' dir='ltr'><strong>quae</strong></span> <span class='ocrx_word' id='word_1_194' title='bbox 1177 1847 1253 1917; x_wconf 92' lang='lat' dir='ltr'><strong>sine</strong></span> <span class='ocrx_word' id='word_1_195' title='bbox 1299 1843 1552 1940; x_wconf 86' lang='lat' dir='ltr'><strong>prophetarum</strong></span> <span class='ocrx_word' id='word_1_196' title='bbox 1575 1871 1767 1917; x_wconf 90' lang='lat' dir='ltr'><strong>consensus</strong></span> <span class='ocrx_word' id='word_1_197' title='bbox 1792 1848 1938 1930; x_wconf 90' lang='lat' dir='ltr'><strong>citatur;</strong></span> <span class='ocrx_word' id='word_1_198' title='bbox 1976 1839 2044 1913; x_wconf 90' lang='lat' dir='ltr'><strong>hoc</strong></span> <span class='ocrx_word' id='word_1_199' title='bbox 2065 1863 2147 1910; x_wconf 88' lang='lat' dir='ltr'><strong>vere</strong></span> <span class='ocrx_word' id='word_1_200' title='bbox 2166 1855 2221 1912; x_wconf 90' lang='lat' dir='ltr'><strong>cst</strong></span> <span class='ocrx_word' id='word_1_201' title='bbox 2244 1865 2303 1912; x_wconf 84' lang='lat' dir='ltr'><strong>ca-</strong></span> 
     </span>
     <span class='ocr_line' id='line_1_16' title="bbox 255 1944 2304 2037; baseline -0.002 -20"><span class='ocrx_word' id='word_1_202' title='bbox 255 1945 484 2034; x_wconf 87' lang='lat' dir='ltr'><strong>ambiguitate</strong></span> <span class='ocrx_word' id='word_1_203' title='bbox 499 1944 592 2016; x_wconf 94' lang='lat' dir='ltr'><strong>hanc</strong></span> <span class='ocrx_word' id='word_1_204' title='bbox 608 1948 819 2019; x_wconf 88' lang='lat' dir='ltr'><strong>sententiam</strong></span> <span class='ocrx_word' id='word_1_205' title='bbox 835 1949 1026 2022; x_wconf 87' lang='lat' dir='ltr'><strong>inculcant.</strong></span> <span class='ocrx_word' id='word_1_206' title='bbox 1300 1947 1453 2020; x_wconf 90' lang='lat' dir='ltr'><strong>tholicae</strong></span> <span class='ocrx_word' id='word_1_207' title='bbox 1474 1947 1654 2020; x_wconf 86' lang='lat' dir='ltr'><strong>Ecclesiae</strong></span> <span class='ocrx_word' id='word_1_208' title='bbox 1679 1973 1889 2020; x_wconf 87' lang='lat' dir='ltr'><strong>consensum</strong></span> <span class='ocrx_word' id='word_1_209' title='bbox 1909 1947 2035 2030; x_wconf 91' lang='lat' dir='ltr'><strong>citare,</strong></span> <span class='ocrx_word' id='word_1_210' title='bbox 2061 1967 2168 2037; x_wconf 91' lang='lat' dir='ltr'><strong>quem</strong></span> <span class='ocrx_word' id='word_1_211' title='bbox 2195 1944 2304 2036; x_wconf 88' lang='lat' dir='ltr'><strong>longe</strong></span> 
     </span>
    </p>

    <p class='ocr_par' dir='ltr' id='par_1_3' title="bbox 256 2045 2306 4294">
     <span class='ocr_line' id='line_1_17' title="bbox 357 2045 2302 2145; baseline 0.001 -31"><span class='ocrx_word' id='word_1_212' title='bbox 357 2045 534 2118; x_wconf 88' lang='lat' dir='ltr'><strong>Iudicium</strong></span> <span class='ocrx_word' id='word_1_213' title='bbox 565 2049 675 2138; x_wconf 90' lang='lat' dir='ltr'><strong>igitur</strong></span> <span class='ocrx_word' id='word_1_214' title='bbox 710 2047 938 2140; x_wconf 90' lang='lat' dir='ltr'><strong>adhibeatur,</strong></span> <span class='ocrx_word' id='word_1_215' title='bbox 979 2077 1059 2122; x_wconf 92' lang='lat' dir='ltr'><strong>cum</strong></span> <span class='ocrx_word' id='word_1_216' title='bbox 1086 2053 1255 2143; x_wconf 90' lang='lat' dir='ltr'><strong>leguntur</strong></span> <span class='ocrx_word' id='word_1_217' title='bbox 1300 2065 1478 2145; x_wconf 86' lang='lat' dir='ltr'><strong>antepono</strong></span> <span class='ocrx_word' id='word_1_218' title='bbox 1511 2053 1673 2145; x_wconf 91' lang='lat' dir='ltr'><strong>quamvis</strong></span> <span class='ocrx_word' id='word_1_219' title='bbox 1704 2053 1841 2142; x_wconf 88' lang='lat' dir='ltr'><strong>magnis</strong></span> <span class='ocrx_word' id='word_1_220' title='bbox 1869 2047 2072 2139; x_wconf 83' lang='lat' dir='ltr'><strong>agminibus</strong></span> <span class='ocrx_word' id='word_1_221' title='bbox 2103 2047 2302 2116; x_wconf 89' lang='lat' dir='ltr'><strong>recentium</strong></span> 
     </span>
     <span class='ocr_line' id='line_1_18' title="bbox 256 2143 2304 2248; baseline -0 -29"><span class='ocrx_word' id='word_1_222' title='bbox 256 2149 390 2220; x_wconf 93' lang='lat' dir='ltr'><strong>alicubi</strong></span> <span class='ocrx_word' id='word_1_223' title='bbox 406 2149 554 2220; x_wconf 92' lang='lat' dir='ltr'><strong>mutilae</strong></span> <span class='ocrx_word' id='word_1_224' title='bbox 571 2153 848 2244; x_wconf 87' lang='lat' dir='ltr'><strong>disputationes,</strong></span> <span class='ocrx_word' id='word_1_225' title='bbox 873 2179 919 2224; x_wconf 90' lang='lat' dir='ltr'><strong>ne</strong></span> <span class='ocrx_word' id='word_1_226' title='bbox 938 2168 1077 2226; x_wconf 89' lang='lat' dir='ltr'><strong>tanturn</strong></span> <span class='ocrx_word' id='word_1_227' title='bbox 1094 2150 1255 2247; x_wconf 91' lang='lat' dir='ltr'><strong>philoso-</strong></span> <span class='ocrx_word' id='word_1_228' title='bbox 1300 2149 1575 2239; x_wconf 90' lang='lat' dir='ltr'><strong>monachorum,</strong></span> <span class='ocrx_word' id='word_1_229' title='bbox 1608 2156 1670 2248; x_wconf 92' lang='lat' dir='ltr'><strong>qui</strong></span> <span class='ocrx_word' id='word_1_230' title='bbox 1686 2155 1835 2225; x_wconf 88' lang='lat' dir='ltr'><strong>dilutam</strong></span> <span class='ocrx_word' id='word_1_231' title='bbox 1853 2145 2111 2244; x_wconf 86' lang='lat' dir='ltr'><strong>philosophicis</strong></span> <span class='ocrx_word' id='word_1_232' title='bbox 2127 2163 2162 2218; x_wconf 91' lang='lat' dir='ltr'><strong>et</strong></span> <span class='ocrx_word' id='word_1_233' title='bbox 2178 2143 2304 2240; x_wconf 87' lang='lat' dir='ltr'><strong>phari-</strong></span> 
     </span>
     <span class='ocr_line' id='line_1_19' title="bbox 256 2245 2304 2348; baseline 0 -29"><span class='ocrx_word' id='word_1_234' title='bbox 256 2245 399 2345; x_wconf 82' lang='lat' dir='ltr'><strong>phiram</strong></span> <span class='ocrx_word' id='word_1_235' title='bbox 418 2253 630 2325; x_wconf 90' lang='lat' dir='ltr'><strong>sententiam</strong></span> <span class='ocrx_word' id='word_1_236' title='bbox 648 2280 689 2324; x_wconf 84' lang='lat' dir='ltr'><strong>ex</strong></span> <span class='ocrx_word' id='word_1_237' title='bbox 707 2279 748 2326; x_wconf 88' lang='lat' dir='ltr'><strong>co</strong></span> <span class='ocrx_word' id='word_1_238' title='bbox 768 2279 1010 2348; x_wconf 82' lang='lat' dir='ltr'><strong>excerpamus,</strong></span> <span class='ocrx_word' id='word_1_239' title='bbox 1037 2272 1078 2328; x_wconf 92' lang='lat' dir='ltr'><strong>ut</strong></span> <span class='ocrx_word' id='word_1_240' title='bbox 1095 2257 1256 2330; x_wconf 83' lang='lat' dir='ltr'><strong>fecerunt</strong></span> <span class='ocrx_word' id='word_1_241' title='bbox 1300 2257 1402 2327; x_wconf 88' lang='lat' dir='ltr'><strong>saicis</strong></span> <span class='ocrx_word' id='word_1_242' title='bbox 1427 2257 1743 2346; x_wconf 82' lang='lat' dir='ltr'><strong>imaginationibus</strong></span> <span class='ocrx_word' id='word_1_243' title='bbox 1768 2256 1969 2327; x_wconf 91' lang='lat' dir='ltr'><strong>doctrinam</strong></span> <span class='ocrx_word' id='word_1_244' title='bbox 1992 2252 2243 2333; x_wconf 86' lang='lat' dir='ltr'><strong>tradiderunt,</strong></span> <span class='ocrx_word' id='word_1_245' title='bbox 2269 2265 2304 2322; x_wconf 91' lang='lat' dir='ltr'><strong>et</strong></span> 
     </span>
     <span class='ocr_line' id='line_1_20' title="bbox 257 2353 2304 2454; baseline -0.001 -29"><span class='ocrx_word' id='word_1_246' title='bbox 257 2353 446 2445; x_wconf 89' lang='lat' dir='ltr'><strong>scriptores</strong></span> <span class='ocrx_word' id='word_1_247' title='bbox 478 2355 587 2426; x_wconf 90' lang='lat' dir='ltr'><strong>secuti</strong></span> <span class='ocrx_word' id='word_1_248' title='bbox 612 2355 912 2448; x_wconf 89' lang='lat' dir='ltr'><strong>Longobardum,</strong></span> <span class='ocrx_word' id='word_1_249' title='bbox 952 2359 1014 2454; x_wconf 94' lang='lat' dir='ltr'><strong>qui</strong></span> <span class='ocrx_word' id='word_1_250' title='bbox 1037 2384 1184 2453; x_wconf 89' lang='lat' dir='ltr'><strong>prorsus</strong></span> <span class='ocrx_word' id='word_1_251' title='bbox 1215 2375 1256 2430; x_wconf 93' lang='lat' dir='ltr'><strong>ut</strong></span> <span class='ocrx_word' id='word_1_252' title='bbox 1301 2360 1401 2429; x_wconf 91' lang='lat' dir='ltr'><strong>illam</strong></span> <span class='ocrx_word' id='word_1_253' title='bbox 1431 2361 1662 2429; x_wconf 90' lang='lat' dir='ltr'><strong>necessariam</strong></span> <span class='ocrx_word' id='word_1_254' title='bbox 1688 2360 1756 2452; x_wconf 88' lang='lat' dir='ltr'><strong>piis</strong></span> <span class='ocrx_word' id='word_1_255' title='bbox 1788 2357 2066 2428; x_wconf 89' lang='lat' dir='ltr'><strong>consolationem</strong></span> <span class='ocrx_word' id='word_1_256' title='bbox 2091 2353 2304 2427; x_wconf 87' lang='lat' dir='ltr'><strong>obruerunt.</strong></span> 
     </span>
     <span class='ocr_line' id='line_1_21' title="bbox 256 2451 2303 2556; baseline -0.002 -28"><span class='ocrx_word' id='word_1_257' title='bbox 256 2451 464 2548; x_wconf 88' lang='lat' dir='ltr'><strong>philosophi</strong></span> <span class='ocrx_word' id='word_1_258' title='bbox 487 2459 530 2526; x_wconf 89' lang='lat' dir='ltr'><strong>de</strong></span> <span class='ocrx_word' id='word_1_259' title='bbox 557 2459 695 2530; x_wconf 89' lang='lat' dir='ltr'><strong>iusticia</strong></span> <span class='ocrx_word' id='word_1_260' title='bbox 718 2455 915 2530; x_wconf 83' lang='lat' dir='ltr'><strong>christiana·</strong></span> <span class='ocrx_word' id='word_1_261' title='bbox 936 2461 1147 2556; x_wconf 89' lang='lat' dir='ltr'><strong>loquuntur.</strong></span> <span class='ocrx_word' id='word_1_262' title='bbox 1205 2459 1257 2533; x_wconf 90' lang='lat' dir='ltr'><strong>Ut</strong></span> <span class='ocrx_word' id='word_1_263' title='bbox 1302 2459 1352 2532; x_wconf 92' lang='lat' dir='ltr'><strong>Ut</strong></span> <span class='ocrx_word' id='word_1_264' title='bbox 1371 2457 1529 2532; x_wconf 83' lang='lat' dir='ltr'><strong>Ecclesia</strong></span> <span class='ocrx_word' id='word_1_265' title='bbox 1556 2459 1664 2530; x_wconf 88' lang='lat' dir='ltr'><strong>lsrael</strong></span> <span class='ocrx_word' id='word_1_266' title='bbox 1690 2463 1756 2532; x_wconf 91' lang='lat' dir='ltr'><strong>iter</strong></span> <span class='ocrx_word' id='word_1_267' title='bbox 1777 2461 1912 2530; x_wconf 85' lang='lat' dir='ltr'><strong>iaciens</strong></span> <span class='ocrx_word' id='word_1_268' title='bbox 1936 2483 1999 2554; x_wconf 93' lang='lat' dir='ltr'><strong>per</strong></span> <span class='ocrx_word' id='word_1_269' title='bbox 2021 2479 2117 2525; x_wconf 91' lang='lat' dir='ltr'><strong>mare</strong></span> <span class='ocrx_word' id='word_1_270' title='bbox 2138 2456 2303 2540; x_wconf 90' lang='lat' dir='ltr'><strong>rubrum,</strong></span> 
     </span>
     <span class='ocr_line' id='line_1_22' title="bbox 257 2549 2301 2657; baseline -0.002 -27"><span class='ocrx_word' id='word_1_271' title='bbox 257 2557 378 2650; x_wconf 91' lang='lat' dir='ltr'><strong>Scipio</strong></span> <span class='ocrx_word' id='word_1_272' title='bbox 393 2559 495 2630; x_wconf 88' lang='lat' dir='ltr'><strong>fortis</strong></span> <span class='ocrx_word' id='word_1_273' title='bbox 511 2575 562 2631; x_wconf 88' lang='lat' dir='ltr'><strong>est</strong></span> <span class='ocrx_word' id='word_1_274' title='bbox 577 2560 712 2653; x_wconf 90' lang='lat' dir='ltr'><strong>impetu</strong></span> <span class='ocrx_word' id='word_1_275' title='bbox 728 2557 892 2650; x_wconf 91' lang='lat' dir='ltr'><strong>heroico,</strong></span> <span class='ocrx_word' id='word_1_276' title='bbox 919 2563 981 2657; x_wconf 91' lang='lat' dir='ltr'><strong>qui</strong></span> <span class='ocrx_word' id='word_1_277' title='bbox 998 2578 1049 2635; x_wconf 90' lang='lat' dir='ltr'><strong>est</strong></span> <span class='ocrx_word' id='word_1_278' title='bbox 1064 2579 1181 2636; x_wconf 90' lang='lat' dir='ltr'><strong>motus</strong></span> <span class='ocrx_word' id='word_1_279' title='bbox 1200 2564 1255 2634; x_wconf 92' lang='lat' dir='ltr'><strong>di·</strong></span> <span class='ocrx_word' id='word_1_280' title='bbox 1303 2564 1403 2634; x_wconf 95' lang='lat' dir='ltr'><strong>nulla</strong></span> <span class='ocrx_word' id='word_1_281' title='bbox 1431 2588 1467 2634; x_wconf 92' lang='lat' dir='ltr'><strong>se</strong></span> <span class='ocrx_word' id='word_1_282' title='bbox 1491 2589 1572 2632; x_wconf 91' lang='lat' dir='ltr'><strong>vera</strong></span> <span class='ocrx_word' id='word_1_283' title='bbox 1598 2549 1840 2635; x_wconf 80' lang='lat' dir='ltr'><strong>chnsolatione</strong></span> <span class='ocrx_word' id='word_1_284' title='bbox 1870 2562 1939 2632; x_wconf 91' lang='lat' dir='ltr'><strong>alia</strong></span> <span class='ocrx_word' id='word_1_285' title='bbox 1962 2559 2202 2643; x_wconf 90' lang='lat' dir='ltr'><strong>sustentabat,</strong></span> <span class='ocrx_word' id='word_1_286' title='bbox 2232 2557 2301 2627; x_wconf 90' lang='lat' dir='ltr'><strong>nisi</strong></span> 
     </span>
     <span class='ocr_line' id='line_1_23' title="bbox 257 2660 2297 2759; baseline 0 -31"><span class='ocrx_word' id='word_1_287' title='bbox 257 2661 382 2746; x_wconf 89' lang='lat' dir='ltr'><strong>vinus,</strong></span> <span class='ocrx_word' id='word_1_288' title='bbox 407 2661 457 2732; x_wconf 93' lang='lat' dir='ltr'><strong>sic</strong></span> <span class='ocrx_word' id='word_1_289' title='bbox 473 2661 527 2731; x_wconf 92' lang='lat' dir='ltr'><strong>illi</strong></span> <span class='ocrx_word' id='word_1_290' title='bbox 545 2662 671 2735; x_wconf 93' lang='lat' dir='ltr'><strong>dicunt</strong></span> <span class='ocrx_word' id='word_1_291' title='bbox 687 2661 884 2758; x_wconf 85' lang='lat' dir='ltr'><strong>Baptistam</strong></span> <span class='ocrx_word' id='word_1_292' title='bbox 906 2665 1040 2737; x_wconf 90' lang='lat' dir='ltr'><strong>iustum</strong></span> <span class='ocrx_word' id='word_1_293' title='bbox 1058 2689 1150 2748; x_wconf 88' lang='lat' dir='ltr'><strong>esse,</strong></span> <span class='ocrx_word' id='word_1_294' title='bbox 1173 2667 1257 2759; x_wconf 91' lang='lat' dir='ltr'><strong>quia</strong></span> <span class='ocrx_word' id='word_1_295' title='bbox 1301 2667 1370 2737; x_wconf 88' lang='lat' dir='ltr'><strong>fide</strong></span> <span class='ocrx_word' id='word_1_296' title='bbox 1383 2666 1601 2759; x_wconf 90' lang='lat' dir='ltr'><strong>praesentiae</strong></span> <span class='ocrx_word' id='word_1_297' title='bbox 1616 2680 1651 2736; x_wconf 89' lang='lat' dir='ltr'><strong>et</strong></span> <span class='ocrx_word' id='word_1_298' title='bbox 1666 2667 1790 2736; x_wconf 86' lang='lat' dir='ltr'><strong>auxilii</strong></span> <span class='ocrx_word' id='word_1_299' title='bbox 1807 2665 1924 2736; x_wconf 90' lang='lat' dir='ltr'><strong>divini</strong></span> <span class='ocrx_word' id='word_1_300' title='bbox 1939 2676 1973 2735; x_wconf 93' lang='lat' dir='ltr'><strong>et</strong></span> <span class='ocrx_word' id='word_1_301' title='bbox 1988 2661 2231 2745; x_wconf 87' lang='lat' dir='ltr'><strong>invocatione,</strong></span> <span class='ocrx_word' id='word_1_302' title='bbox 2249 2660 2297 2728; x_wconf 90' lang='lat' dir='ltr'><strong>ita</strong></span> 
     </span>
     <span class='ocr_line' id='line_1_24' title="bbox 258 2759 2300 2862; baseline -0.001 -29"><span class='ocrx_word' id='word_1_303' title='bbox 258 2759 386 2834; x_wconf 92' lang='lat' dir='ltr'><strong>habeat</strong></span> <span class='ocrx_word' id='word_1_304' title='bbox 402 2761 550 2836; x_wconf 88' lang='lat' dir='ltr'><strong>virtutes</strong></span> <span class='ocrx_word' id='word_1_305' title='bbox 573 2790 733 2836; x_wconf 88' lang='lat' dir='ltr'><strong>accensas</strong></span> <span class='ocrx_word' id='word_1_306' title='bbox 756 2766 942 2839; x_wconf 88' lang='lat' dir='ltr'><strong>divinitus.</strong></span> <span class='ocrx_word' id='word_1_307' title='bbox 991 2766 1047 2839; x_wconf 92' lang='lat' dir='ltr'><strong>De</strong></span> <span class='ocrx_word' id='word_1_308' title='bbox 1066 2765 1133 2840; x_wconf 92' lang='lat' dir='ltr'><strong>hac</strong></span> <span class='ocrx_word' id='word_1_309' title='bbox 1153 2770 1258 2838; x_wconf 86' lang='lat' dir='ltr'><strong>novi·</strong></span> <span class='ocrx_word' id='word_1_310' title='bbox 1303 2793 1383 2842; x_wconf 92' lang='lat' dir='ltr'><strong>cum</strong></span> <span class='ocrx_word' id='word_1_311' title='bbox 1399 2793 1538 2860; x_wconf 90' lang='lat' dir='ltr'><strong>semper</strong></span> <span class='ocrx_word' id='word_1_312' title='bbox 1552 2769 1603 2859; x_wconf 93' lang='lat' dir='ltr'><strong>pii</strong></span> <span class='ocrx_word' id='word_1_313' title='bbox 1618 2767 1656 2838; x_wconf 91' lang='lat' dir='ltr'><strong>in</strong></span> <span class='ocrx_word' id='word_1_314' title='bbox 1673 2771 1841 2862; x_wconf 90' lang='lat' dir='ltr'><strong>periculis</strong></span> <span class='ocrx_word' id='word_1_315' title='bbox 1857 2791 1931 2838; x_wconf 93' lang='lat' dir='ltr'><strong>non</strong></span> <span class='ocrx_word' id='word_1_316' title='bbox 1946 2765 2143 2836; x_wconf 90' lang='lat' dir='ltr'><strong>levioribus</strong></span> <span class='ocrx_word' id='word_1_317' title='bbox 2155 2785 2300 2834; x_wconf 87' lang='lat' dir='ltr'><strong>versen-</strong></span> 
     </span>
     <span class='ocr_line' id='line_1_25' title="bbox 258 2866 2303 2961; baseline -0.002 -24"><span class='ocrx_word' id='word_1_318' title='bbox 258 2880 329 2938; x_wconf 90' lang='lat' dir='ltr'><strong>tate</strong></span> <span class='ocrx_word' id='word_1_319' title='bbox 353 2866 470 2936; x_wconf 90' lang='lat' dir='ltr'><strong>cordis</strong></span> <span class='ocrx_word' id='word_1_320' title='bbox 492 2891 574 2937; x_wconf 90' lang='lat' dir='ltr'><strong>cum</strong></span> <span class='ocrx_word' id='word_1_321' title='bbox 591 2868 777 2950; x_wconf 83' lang='lat' dir='ltr'><strong>dixerunt,</strong></span> <span class='ocrx_word' id='word_1_322' title='bbox 804 2895 880 2940; x_wconf 89' lang='lat' dir='ltr'><strong>non</strong></span> <span class='ocrx_word' id='word_1_323' title='bbox 898 2870 1040 2956; x_wconf 89' lang='lat' dir='ltr'><strong>dicunt,</strong></span> <span class='ocrx_word' id='word_1_324' title='bbox 1065 2873 1162 2942; x_wconf 91' lang='lat' dir='ltr'><strong>unde</strong></span> <span class='ocrx_word' id='word_1_325' title='bbox 1185 2869 1258 2940; x_wconf 91' lang='lat' dir='ltr'><strong>Ba·</strong></span> <span class='ocrx_word' id='word_1_326' title='bbox 1303 2886 1382 2956; x_wconf 87' lang='lat' dir='ltr'><strong>tur,</strong></span> <span class='ocrx_word' id='word_1_327' title='bbox 1414 2867 1482 2940; x_wconf 90' lang='lat' dir='ltr'><strong>hac</strong></span> <span class='ocrx_word' id='word_1_328' title='bbox 1512 2871 1650 2940; x_wconf 92' lang='lat' dir='ltr'><strong>seluce</strong></span> <span class='ocrx_word' id='word_1_329' title='bbox 1674 2884 1708 2941; x_wconf 91' lang='lat' dir='ltr'><strong>et</strong></span> <span class='ocrx_word' id='word_1_330' title='bbox 1739 2873 1809 2942; x_wconf 85' lang='lat' dir='ltr'><strong>fide</strong></span> <span class='ocrx_word' id='word_1_331' title='bbox 1830 2871 1993 2961; x_wconf 84' lang='lat' dir='ltr'><strong>exigunt,</strong></span> <span class='ocrx_word' id='word_1_332' title='bbox 2025 2866 2122 2961; x_wconf 93' lang='lat' dir='ltr'><strong>quod</strong></span> <span class='ocrx_word' id='word_1_333' title='bbox 2156 2879 2303 2957; x_wconf 89' lang='lat' dir='ltr'><strong>propter</strong></span> 
     </span>
     <span class='ocr_line' id='line_1_26' title="bbox 257 2967 2303 3062; baseline -0.002 -22"><span class='ocrx_word' id='word_1_334' title='bbox 257 2967 366 3060; x_wconf 89' lang='lat' dir='ltr'><strong>ptista</strong></span> <span class='ocrx_word' id='word_1_335' title='bbox 381 2969 628 3040; x_wconf 89' lang='lat' dir='ltr'><strong>remissionem</strong></span> <span class='ocrx_word' id='word_1_336' title='bbox 644 2986 889 3062; x_wconf 89' lang='lat' dir='ltr'><strong>peccatorum,</strong></span> <span class='ocrx_word' id='word_1_337' title='bbox 913 2996 989 3042; x_wconf 93' lang='lat' dir='ltr'><strong>non</strong></span> <span class='ocrx_word' id='word_1_338' title='bbox 1008 2973 1151 3060; x_wconf 90' lang='lat' dir='ltr'><strong>dicunt,</strong></span> <span class='ocrx_word' id='word_1_339' title='bbox 1176 2999 1256 3045; x_wconf 87' lang='lat' dir='ltr'><strong>curn</strong></span> <span class='ocrx_word' id='word_1_340' title='bbox 1301 2976 1416 3044; x_wconf 87' lang='lat' dir='ltr'><strong>filiurn</strong></span> <span class='ocrx_word' id='word_1_341' title='bbox 1441 2973 1500 3042; x_wconf 92' lang='lat' dir='ltr'><strong>dei</strong></span> <span class='ocrx_word' id='word_1_342' title='bbox 1521 2975 1752 3044; x_wconf 87' lang='lat' dir='ltr'><strong>mediatorem</strong></span> <span class='ocrx_word' id='word_1_343' title='bbox 1777 2977 1884 3044; x_wconf 90' lang='lat' dir='ltr'><strong>adeo</strong></span> <span class='ocrx_word' id='word_1_344' title='bbox 1906 2971 2036 3060; x_wconf 87' lang='lat' dir='ltr'><strong>recepti</strong></span> <span class='ocrx_word' id='word_1_345' title='bbox 2060 2970 2150 3052; x_wconf 88' lang='lat' dir='ltr'><strong>sint,</strong></span> <span class='ocrx_word' id='word_1_346' title='bbox 2177 2981 2303 3056; x_wconf 85' lang='lat' dir='ltr'><strong>tegan-</strong></span> 
     </span>
     <span class='ocr_line' id='line_1_27' title="bbox 258 3068 2302 3168; baseline -0.002 -27"><span class='ocrx_word' id='word_1_347' title='bbox 258 3069 419 3164; x_wconf 86' lang='lat' dir='ltr'><strong>Baptista</strong></span> <span class='ocrx_word' id='word_1_348' title='bbox 442 3091 542 3140; x_wconf 90' lang='lat' dir='ltr'><strong>suam</strong></span> <span class='ocrx_word' id='word_1_349' title='bbox 568 3071 838 3144; x_wconf 90' lang='lat' dir='ltr'><strong>immundiciem</strong></span> <span class='ocrx_word' id='word_1_350' title='bbox 863 3075 1039 3158; x_wconf 91' lang='lat' dir='ltr'><strong>intuetur,</strong></span> <span class='ocrx_word' id='word_1_351' title='bbox 1072 3077 1169 3147; x_wconf 88' lang='lat' dir='ltr'><strong>unde</strong></span> <span class='ocrx_word' id='word_1_352' title='bbox 1195 3101 1258 3168; x_wconf 90' lang='lat' dir='ltr'><strong>pe·</strong></span> <span class='ocrx_word' id='word_1_353' title='bbox 1302 3090 1379 3162; x_wconf 93' lang='lat' dir='ltr'><strong>tur,</strong></span> <span class='ocrx_word' id='word_1_354' title='bbox 1405 3089 1601 3149; x_wconf 86' lang='lat' dir='ltr'><strong>serventur.</strong></span> <span class='ocrx_word' id='word_1_355' title='bbox 1653 3073 1696 3146; x_wconf 94' lang='lat' dir='ltr'><strong>In</strong></span> <span class='ocrx_word' id='word_1_356' title='bbox 1723 3071 1788 3146; x_wconf 90' lang='lat' dir='ltr'><strong>hae</strong></span> <span class='ocrx_word' id='word_1_357' title='bbox 1810 3073 2052 3146; x_wconf 89' lang='lat' dir='ltr'><strong>consolatione</strong></span> <span class='ocrx_word' id='word_1_358' title='bbox 2075 3068 2249 3139; x_wconf 87' lang='lat' dir='ltr'><strong>discimus</strong></span> <span class='ocrx_word' id='word_1_359' title='bbox 2269 3081 2302 3138; x_wconf 91' lang='lat' dir='ltr'><strong>ct</strong></span> 
     </span>
     <span class='ocr_line' id='line_1_28' title="bbox 257 3172 2302 3273; baseline -0.003 -27"><span class='ocrx_word' id='word_1_360' title='bbox 257 3189 333 3247; x_wconf 89' lang='lat' dir='ltr'><strong>tere</strong></span> <span class='ocrx_word' id='word_1_361' title='bbox 349 3173 629 3246; x_wconf 87' lang='lat' dir='ltr'><strong>consolationem</strong></span> <span class='ocrx_word' id='word_1_362' title='bbox 643 3177 781 3262; x_wconf 90' lang='lat' dir='ltr'><strong>debeat,</strong></span> <span class='ocrx_word' id='word_1_363' title='bbox 807 3189 841 3246; x_wconf 89' lang='lat' dir='ltr'><strong>ct</strong></span> <span class='ocrx_word' id='word_1_364' title='bbox 855 3177 894 3246; x_wconf 93' lang='lat' dir='ltr'><strong>in</strong></span> <span class='ocrx_word' id='word_1_365' title='bbox 910 3202 979 3270; x_wconf 91' lang='lat' dir='ltr'><strong>qua</strong></span> <span class='ocrx_word' id='word_1_366' title='bbox 993 3202 1032 3248; x_wconf 90' lang='lat' dir='ltr'><strong>re</strong></span> <span class='ocrx_word' id='word_1_367' title='bbox 1048 3179 1257 3272; x_wconf 90' lang='lat' dir='ltr'><strong>acquiescat.</strong></span> <span class='ocrx_word' id='word_1_368' title='bbox 1303 3203 1410 3273; x_wconf 91' lang='lat' dir='ltr'><strong>quam</strong></span> <span class='ocrx_word' id='word_1_369' title='bbox 1424 3177 1619 3248; x_wconf 88' lang='lat' dir='ltr'><strong>necessaria</strong></span> <span class='ocrx_word' id='word_1_370' title='bbox 1630 3180 1677 3248; x_wconf 91' lang='lat' dir='ltr'><strong>sit</strong></span> <span class='ocrx_word' id='word_1_371' title='bbox 1692 3173 1778 3248; x_wconf 90' lang='lat' dir='ltr'><strong>haec</strong></span> <span class='ocrx_word' id='word_1_372' title='bbox 1794 3181 1837 3250; x_wconf 94' lang='lat' dir='ltr'><strong>de</strong></span> <span class='ocrx_word' id='word_1_373' title='bbox 1853 3178 1923 3247; x_wconf 89' lang='lat' dir='ltr'><strong>fide</strong></span> <span class='ocrx_word' id='word_1_374' title='bbox 1940 3173 2125 3258; x_wconf 87' lang='lat' dir='ltr'><strong>doctrina,</strong></span> <span class='ocrx_word' id='word_1_375' title='bbox 2152 3185 2189 3241; x_wconf 88' lang='lat' dir='ltr'><strong>et</strong></span> <span class='ocrx_word' id='word_1_376' title='bbox 2214 3172 2302 3265; x_wconf 91' lang='lat' dir='ltr'><strong>quid</strong></span> 
     </span>
     <span class='ocr_line' id='line_1_29' title="bbox 257 3269 2304 3372; baseline -0.002 -25"><span class='ocrx_word' id='word_1_377' title='bbox 257 3275 340 3347; x_wconf 92' lang='lat' dir='ltr'><strong>Non</strong></span> <span class='ocrx_word' id='word_1_378' title='bbox 363 3299 555 3365; x_wconf 84' lang='lat' dir='ltr'><strong>negamus,</strong></span> <span class='ocrx_word' id='word_1_379' title='bbox 597 3292 761 3369; x_wconf 90' lang='lat' dir='ltr'><strong>oportere</strong></span> <span class='ocrx_word' id='word_1_380' title='bbox 790 3281 934 3350; x_wconf 87' lang='lat' dir='ltr'><strong>accendi</strong></span> <span class='ocrx_word' id='word_1_381' title='bbox 963 3281 1190 3351; x_wconf 90' lang='lat' dir='ltr'><strong>dilectionem</strong></span> <span class='ocrx_word' id='word_1_382' title='bbox 1218 3280 1257 3350; x_wconf 90' lang='lat' dir='ltr'><strong>in</strong></span> <span class='ocrx_word' id='word_1_383' title='bbox 1303 3281 1408 3351; x_wconf 89' lang='lat' dir='ltr'><strong>iidem</strong></span> <span class='ocrx_word' id='word_1_384' title='bbox 1435 3281 1624 3350; x_wconf 90' lang='lat' dir='ltr'><strong>nominent</strong></span> <span class='ocrx_word' id='word_1_385' title='bbox 1638 3275 1858 3372; x_wconf 88' lang='lat' dir='ltr'><strong>Prophetae,</strong></span> <span class='ocrx_word' id='word_1_386' title='bbox 1884 3275 2047 3349; x_wconf 88' lang='lat' dir='ltr'><strong>Christus</strong></span> <span class='ocrx_word' id='word_1_387' title='bbox 2072 3287 2106 3344; x_wconf 89' lang='lat' dir='ltr'><strong>et</strong></span> <span class='ocrx_word' id='word_1_388' title='bbox 2122 3269 2304 3364; x_wconf 85' lang='lat' dir='ltr'><strong>Apostoli.</strong></span> 
     </span>
     <span class='ocr_line' id='line_1_30' title="bbox 259 3375 2306 3464; baseline -0.001 -17"><span class='ocrx_word' id='word_1_389' title='bbox 259 3379 440 3448; x_wconf 87' lang='lat' dir='ltr'><strong>cordibus.</strong></span> <span class='ocrx_word' id='word_1_390' title='bbox 493 3377 565 3452; x_wconf 89' lang='lat' dir='ltr'><strong>Sed</strong></span> <span class='ocrx_word' id='word_1_391' title='bbox 588 3379 659 3450; x_wconf 89' lang='lat' dir='ltr'><strong>nisi</strong></span> <span class='ocrx_word' id='word_1_392' title='bbox 686 3381 795 3451; x_wconf 92' lang='lat' dir='ltr'><strong>corda</strong></span> <span class='ocrx_word' id='word_1_393' title='bbox 813 3394 968 3454; x_wconf 90' lang='lat' dir='ltr'><strong>statuant</strong></span> <span class='ocrx_word' id='word_1_394' title='bbox 986 3384 1030 3452; x_wconf 90' lang='lat' dir='ltr'><strong>de</strong></span> <span class='ocrx_word' id='word_1_395' title='bbox 1047 3383 1257 3452; x_wconf 90' lang='lat' dir='ltr'><strong>remissione</strong></span> <span class='ocrx_word' id='word_1_396' title='bbox 1302 3381 1379 3452; x_wconf 90' lang='lat' dir='ltr'><strong>Hac</strong></span> <span class='ocrx_word' id='word_1_397' title='bbox 1396 3385 1548 3452; x_wconf 89' lang='lat' dir='ltr'><strong>extincta</strong></span> <span class='ocrx_word' id='word_1_398' title='bbox 1563 3385 1641 3451; x_wconf 91' lang='lat' dir='ltr'><strong>luce</strong></span> <span class='ocrx_word' id='word_1_399' title='bbox 1660 3397 1693 3452; x_wconf 93' lang='lat' dir='ltr'><strong>et</strong></span> <span class='ocrx_word' id='word_1_400' title='bbox 1710 3381 2028 3464; x_wconf 90' lang='lat' dir='ltr'><strong>consolatione,ut</strong></span> <span class='ocrx_word' id='word_1_401' title='bbox 2042 3378 2080 3445; x_wconf 92' lang='lat' dir='ltr'><strong>in</strong></span> <span class='ocrx_word' id='word_1_402' title='bbox 2094 3375 2306 3462; x_wconf 88' lang='lat' dir='ltr'><strong>Saule,nec</strong></span> 
     </span>
     <span class='ocr_line' id='line_1_31' title="bbox 259 3480 2304 3576; baseline -0.001 -25"><span class='ocrx_word' id='word_1_403' title='bbox 259 3493 484 3573; x_wconf 89' lang='lat' dir='ltr'><strong>peccatorum</strong></span> <span class='ocrx_word' id='word_1_404' title='bbox 515 3483 658 3572; x_wconf 83' lang='lat' dir='ltr'><strong>lugiunt</strong></span> <span class='ocrx_word' id='word_1_405' title='bbox 689 3485 816 3569; x_wconf 88' lang='lat' dir='ltr'><strong>deum,</strong></span> <span class='ocrx_word' id='word_1_406' title='bbox 849 3508 924 3553; x_wconf 91' lang='lat' dir='ltr'><strong>non</strong></span> <span class='ocrx_word' id='word_1_407' title='bbox 947 3485 1113 3576; x_wconf 83' lang='lat' dir='ltr'><strong>diligunt.</strong></span> <span class='ocrx_word' id='word_1_408' title='bbox 1172 3480 1257 3555; x_wconf 91' lang='lat' dir='ltr'><strong>ldeo</strong></span> <span class='ocrx_word' id='word_1_409' title='bbox 1303 3485 1497 3555; x_wconf 89' lang='lat' dir='ltr'><strong>consolatio</strong></span> <span class='ocrx_word' id='word_1_410' title='bbox 1516 3485 1554 3553; x_wconf 92' lang='lat' dir='ltr'><strong>in</strong></span> <span class='ocrx_word' id='word_1_411' title='bbox 1571 3485 1706 3574; x_wconf 88' lang='lat' dir='ltr'><strong>magnis</strong></span> <span class='ocrx_word' id='word_1_412' title='bbox 1718 3487 1896 3555; x_wconf 91' lang='lat' dir='ltr'><strong>aerumnis</strong></span> <span class='ocrx_word' id='word_1_413' title='bbox 1910 3483 1983 3551; x_wconf 87' lang='lat' dir='ltr'><strong>ulla</strong></span> <span class='ocrx_word' id='word_1_414' title='bbox 1998 3481 2136 3573; x_wconf 89' lang='lat' dir='ltr'><strong>reliqua</strong></span> <span class='ocrx_word' id='word_1_415' title='bbox 2152 3493 2304 3564; x_wconf 89' lang='lat' dir='ltr'><strong>est,nec</strong></span> 
     </span>
     <span class='ocr_line' id='line_1_32' title="bbox 259 3581 2305 3679; baseline -0 -28"><span class='ocrx_word' id='word_1_416' title='bbox 259 3582 392 3652; x_wconf 90' lang='lat' dir='ltr'><strong>Paulus</strong></span> <span class='ocrx_word' id='word_1_417' title='bbox 428 3582 562 3675; x_wconf 89' lang='lat' dir='ltr'><strong>inquit:</strong></span> <span class='ocrx_word' id='word_1_418' title='bbox 605 3585 784 3656; x_wconf 90' lang='lat' dir='ltr'><strong>iustificati</strong></span> <span class='ocrx_word' id='word_1_419' title='bbox 818 3585 886 3656; x_wconf 87' lang='lat' dir='ltr'><strong>lide</strong></span> <span class='ocrx_word' id='word_1_420' title='bbox 919 3611 1040 3678; x_wconf 90' lang='lat' dir='ltr'><strong>pacem</strong></span> <span class='ocrx_word' id='word_1_421' title='bbox 1075 3581 1258 3660; x_wconf 88' lang='lat' dir='ltr'><strong>habemus.</strong></span> <span class='ocrx_word' id='word_1_422' title='bbox 1304 3588 1480 3657; x_wconf 88' lang='lat' dir='ltr'><strong>invocatio</strong></span> <span class='ocrx_word' id='word_1_423' title='bbox 1500 3588 1556 3655; x_wconf 91' lang='lat' dir='ltr'><strong>dei</strong></span> <span class='ocrx_word' id='word_1_424' title='bbox 1580 3588 1726 3656; x_wconf 86' lang='lat' dir='ltr'><strong>existere</strong></span> <span class='ocrx_word' id='word_1_425' title='bbox 1748 3601 1872 3679; x_wconf 87' lang='lat' dir='ltr'><strong>potest.</strong></span> <span class='ocrx_word' id='word_1_426' title='bbox 1925 3583 2084 3674; x_wconf 83' lang='lat' dir='ltr'><strong>Fugiunt</strong></span> <span class='ocrx_word' id='word_1_427' title='bbox 2107 3581 2305 3650; x_wconf 79' lang='lat' dir='ltr'><strong>enimeni-</strong></span> 
     </span>
     <span class='ocr_line' id='line_1_33' title="bbox 258 3682 2304 3781; baseline -0.001 -27"><span class='ocrx_word' id='word_1_428' title='bbox 258 3683 342 3754; x_wconf 90' lang='lat' dir='ltr'><strong>Non</strong></span> <span class='ocrx_word' id='word_1_429' title='bbox 368 3686 556 3778; x_wconf 90' lang='lat' dir='ltr'><strong>acquiescit</strong></span> <span class='ocrx_word' id='word_1_430' title='bbox 579 3682 687 3773; x_wconf 91' lang='lat' dir='ltr'><strong>Cato,</strong></span> <span class='ocrx_word' id='word_1_431' title='bbox 713 3689 796 3781; x_wconf 92' lang='lat' dir='ltr'><strong>quia</strong></span> <span class='ocrx_word' id='word_1_432' title='bbox 821 3713 901 3760; x_wconf 90' lang='lat' dir='ltr'><strong>cum</strong></span> <span class='ocrx_word' id='word_1_433' title='bbox 925 3703 1024 3780; x_wconf 93' lang='lat' dir='ltr'><strong>putet</strong></span> <span class='ocrx_word' id='word_1_434' title='bbox 1048 3713 1084 3758; x_wconf 92' lang='lat' dir='ltr'><strong>se</strong></span> <span class='ocrx_word' id='word_1_435' title='bbox 1100 3689 1138 3758; x_wconf 94' lang='lat' dir='ltr'><strong>in</strong></span> <span class='ocrx_word' id='word_1_436' title='bbox 1155 3713 1258 3759; x_wconf 89' lang='lat' dir='ltr'><strong>causa</strong></span> <span class='ocrx_word' id='word_1_437' title='bbox 1304 3691 1355 3758; x_wconf 91' lang='lat' dir='ltr'><strong>mi</strong></span> <span class='ocrx_word' id='word_1_438' title='bbox 1380 3690 1571 3761; x_wconf 78' lang='lat' dir='ltr'><strong>frementes</strong></span> <span class='ocrx_word' id='word_1_439' title='bbox 1596 3693 1763 3759; x_wconf 90' lang='lat' dir='ltr'><strong>adversus</strong></span> <span class='ocrx_word' id='word_1_440' title='bbox 1786 3692 1912 3771; x_wconf 76' lang='lat' dir='ltr'><strong>(lenm,</strong></span> <span class='ocrx_word' id='word_1_441' title='bbox 1938 3687 2000 3779; x_wconf 91' lang='lat' dir='ltr'><strong>qui</strong></span> <span class='ocrx_word' id='word_1_442' title='bbox 2017 3685 2161 3754; x_wconf 88' lang='lat' dir='ltr'><strong>videtur</strong></span> <span class='ocrx_word' id='word_1_443' title='bbox 2177 3685 2304 3754; x_wconf 89' lang='lat' dir='ltr'><strong>durior</strong></span> 
     </span>
     <span class='ocr_line' id='line_1_34' title="bbox 260 3783 2302 3886; baseline 0 -32"><span class='ocrx_word' id='word_1_444' title='bbox 260 3787 408 3857; x_wconf 89' lang='lat' dir='ltr'><strong>iustiore</strong></span> <span class='ocrx_word' id='word_1_445' title='bbox 434 3790 543 3858; x_wconf 89' lang='lat' dir='ltr'><strong>adeo</strong></span> <span class='ocrx_word' id='word_1_446' title='bbox 569 3790 720 3880; x_wconf 89' lang='lat' dir='ltr'><strong>negligi,</strong></span> <span class='ocrx_word' id='word_1_447' title='bbox 754 3791 894 3861; x_wconf 89' lang='lat' dir='ltr'><strong>dubitat</strong></span> <span class='ocrx_word' id='word_1_448' title='bbox 924 3792 963 3860; x_wconf 93' lang='lat' dir='ltr'><strong>in</strong></span> <span class='ocrx_word' id='word_1_449' title='bbox 985 3793 1193 3864; x_wconf 90' lang='lat' dir='ltr'><strong>universum</strong></span> <span class='ocrx_word' id='word_1_450' title='bbox 1215 3794 1259 3859; x_wconf 90' lang='lat' dir='ltr'><strong>de</strong></span> <span class='ocrx_word' id='word_1_451' title='bbox 1304 3793 1415 3878; x_wconf 88' lang='lat' dir='ltr'><strong>iusto,</strong></span> <span class='ocrx_word' id='word_1_452' title='bbox 1446 3793 1529 3886; x_wconf 92' lang='lat' dir='ltr'><strong>quia</strong></span> <span class='ocrx_word' id='word_1_453' title='bbox 1555 3805 1649 3861; x_wconf 89' lang='lat' dir='ltr'><strong>tanta</strong></span> <span class='ocrx_word' id='word_1_454' title='bbox 1673 3793 1767 3860; x_wconf 89' lang='lat' dir='ltr'><strong>mole</strong></span> <span class='ocrx_word' id='word_1_455' title='bbox 1788 3791 2016 3860; x_wconf 88' lang='lat' dir='ltr'><strong>miseriarum·</strong></span> <span class='ocrx_word' id='word_1_456' title='bbox 2042 3783 2129 3856; x_wconf 91' lang='lat' dir='ltr'><strong>haec</strong></span> <span class='ocrx_word' id='word_1_457' title='bbox 2159 3785 2302 3856; x_wconf 87' lang='lat' dir='ltr'><strong>infirma</strong></span> 
     </span>
     <span class='ocr_line' id='line_1_35' title="bbox 261 3888 2298 3988; baseline -0.001 -30"><span class='ocrx_word' id='word_1_458' title='bbox 261 3888 496 3980; x_wconf 87' lang='lat' dir='ltr'><strong>providentia.</strong></span> <span class='ocrx_word' id='word_1_459' title='bbox 528 3889 601 3960; x_wconf 90' lang='lat' dir='ltr'><strong>Nec</strong></span> <span class='ocrx_word' id='word_1_460' title='bbox 618 3892 808 3987; x_wconf 89' lang='lat' dir='ltr'><strong>acquiescit</strong></span> <span class='ocrx_word' id='word_1_461' title='bbox 824 3891 931 3975; x_wconf 89' lang='lat' dir='ltr'><strong>Saul,</strong></span> <span class='ocrx_word' id='word_1_462' title='bbox 954 3895 1016 3988; x_wconf 91' lang='lat' dir='ltr'><strong>qui</strong></span> <span class='ocrx_word' id='word_1_463' title='bbox 1031 3893 1169 3964; x_wconf 91' lang='lat' dir='ltr'><strong>etiamsi</strong></span> <span class='ocrx_word' id='word_1_464' title='bbox 1183 3893 1258 3972; x_wconf 89' lang='lat' dir='ltr'><strong>scit,</strong></span> <span class='ocrx_word' id='word_1_465' title='bbox 1304 3908 1431 3964; x_wconf 90' lang='lat' dir='ltr'><strong>natura</strong></span> <span class='ocrx_word' id='word_1_466' title='bbox 1448 3907 1593 3964; x_wconf 89' lang='lat' dir='ltr'><strong>onerata</strong></span> <span class='ocrx_word' id='word_1_467' title='bbox 1612 3908 1673 3967; x_wconf 88' lang='lat' dir='ltr'><strong>est.</strong></span> <span class='ocrx_word' id='word_1_468' title='bbox 1722 3893 1799 3963; x_wconf 89' lang='lat' dir='ltr'><strong>Hos</strong></span> <span class='ocrx_word' id='word_1_469' title='bbox 1816 3917 1943 3983; x_wconf 84' lang='lat' dir='ltr'><strong>agones</strong></span> <span class='ocrx_word' id='word_1_470' title='bbox 1959 3888 2139 3960; x_wconf 84' lang='lat' dir='ltr'><strong>Ecclesiae</strong></span> <span class='ocrx_word' id='word_1_471' title='bbox 2158 3889 2226 3981; x_wconf 92' lang='lat' dir='ltr'><strong>qui</strong></span> <span class='ocrx_word' id='word_1_472' title='bbox 2240 3889 2298 3958; x_wconf 88' lang='lat' dir='ltr'><strong>ali-</strong></span> 
     </span>
     <span class='ocr_line' id='line_1_36' title="bbox 258 3989 2291 4091; baseline -0.001 -32"><span class='ocrx_word' id='word_1_473' title='bbox 258 3993 433 4086; x_wconf 91' lang='lat' dir='ltr'><strong>populum</strong></span> <span class='ocrx_word' id='word_1_474' title='bbox 453 3989 788 4086; x_wconf 87' lang='lat' dir='ltr'><strong>lsraelregiadeo‚</strong></span> <span class='ocrx_word' id='word_1_475' title='bbox 814 4011 933 4066; x_wconf 89' lang='lat' dir='ltr'><strong>tamen</strong></span> <span class='ocrx_word' id='word_1_476' title='bbox 956 3997 1038 4091; x_wconf 91' lang='lat' dir='ltr'><strong>quia</strong></span> <span class='ocrx_word' id='word_1_477' title='bbox 1064 3995 1186 4066; x_wconf 87' lang='lat' dir='ltr'><strong>statuit</strong></span> <span class='ocrx_word' id='word_1_478' title='bbox 1211 3995 1260 4064; x_wconf 89' lang='lat' dir='ltr'><strong>si·</strong></span> <span class='ocrx_word' id='word_1_479' title='bbox 1304 4021 1376 4090; x_wconf 91' lang='lat' dir='ltr'><strong>quo</strong></span> <span class='ocrx_word' id='word_1_480' title='bbox 1411 3999 1517 4066; x_wconf 90' lang='lat' dir='ltr'><strong>modo</strong></span> <span class='ocrx_word' id='word_1_481' title='bbox 1551 3999 1802 4086; x_wconf 87' lang='lat' dir='ltr'><strong>degustarunt,</strong></span> <span class='ocrx_word' id='word_1_482' title='bbox 1852 3997 2005 4064; x_wconf 88' lang='lat' dir='ltr'><strong>libenter</strong></span> <span class='ocrx_word' id='word_1_483' title='bbox 2037 3989 2291 4082; x_wconf 87' lang='lat' dir='ltr'><strong>amplectuntur</strong></span> 
     </span>
     <span class='ocr_line' id='line_1_37' title="bbox 260 4089 2292 4190; baseline -0 -27"><span class='ocrx_word' id='word_1_484' title='bbox 260 4095 300 4163; x_wconf 93' lang='lat' dir='ltr'><strong>bi</strong></span> <span class='ocrx_word' id='word_1_485' title='bbox 327 4093 458 4164; x_wconf 89' lang='lat' dir='ltr'><strong>remitti</strong></span> <span class='ocrx_word' id='word_1_486' title='bbox 485 4111 645 4186; x_wconf 87' lang='lat' dir='ltr'><strong>peccata,</strong></span> <span class='ocrx_word' id='word_1_487' title='bbox 669 4097 762 4188; x_wconf 89' lang='lat' dir='ltr'><strong>sugit</strong></span> <span class='ocrx_word' id='word_1_488' title='bbox 779 4100 885 4169; x_wconf 89' lang='lat' dir='ltr'><strong>deum</strong></span> <span class='ocrx_word' id='word_1_489' title='bbox 913 4113 949 4169; x_wconf 93' lang='lat' dir='ltr'><strong>et</strong></span> <span class='ocrx_word' id='word_1_490' title='bbox 972 4099 1005 4167; x_wconf 92' lang='lat' dir='ltr'><strong>ei</strong></span> <span class='ocrx_word' id='word_1_491' title='bbox 1031 4098 1195 4168; x_wconf 88' lang='lat' dir='ltr'><strong>irascitur</strong></span> <span class='ocrx_word' id='word_1_492' title='bbox 1219 4112 1260 4169; x_wconf 90' lang='lat' dir='ltr'><strong>ut</strong></span> <span class='ocrx_word' id='word_1_493' title='bbox 1304 4095 1490 4190; x_wconf 89' lang='lat' dir='ltr'><strong>Evangelii</strong></span> <span class='ocrx_word' id='word_1_494' title='bbox 1514 4124 1636 4168; x_wconf 88' lang='lat' dir='ltr'><strong>vocem</strong></span> <span class='ocrx_word' id='word_1_495' title='bbox 1660 4103 1703 4167; x_wconf 92' lang='lat' dir='ltr'><strong>de</strong></span> <span class='ocrx_word' id='word_1_496' title='bbox 1729 4101 1813 4180; x_wconf 68' lang='lat' dir='ltr'><strong>ficte,</strong></span> <span class='ocrx_word' id='word_1_497' title='bbox 1837 4123 1901 4166; x_wconf 90' lang='lat' dir='ltr'><strong>nec</strong></span> <span class='ocrx_word' id='word_1_498' title='bbox 1926 4095 2024 4166; x_wconf 89' lang='lat' dir='ltr'><strong>eludi</strong></span> <span class='ocrx_word' id='word_1_499' title='bbox 2049 4117 2126 4163; x_wconf 89' lang='lat' dir='ltr'><strong>eam</strong></span> <span class='ocrx_word' id='word_1_500' title='bbox 2154 4089 2292 4186; x_wconf 86' lang='lat' dir='ltr'><strong>praesti-</strong></span> 
     </span>
     <span class='ocr_line' id='line_1_38' title="bbox 262 4193 1925 4294; baseline 0.004 -28"><span class='ocrx_word' id='word_1_501' title='bbox 262 4193 363 4266; x_wconf 89' lang='lat' dir='ltr'><strong>Cato.</strong></span> <span class='ocrx_word' id='word_1_502' title='bbox 1305 4203 1370 4294; x_wconf 90' lang='lat' dir='ltr'><strong>giis</strong></span> <span class='ocrx_word' id='word_1_503' title='bbox 1388 4203 1471 4272; x_wconf 89' lang='lat' dir='ltr'><strong>ullis</strong></span> <span class='ocrx_word' id='word_1_504' title='bbox 1490 4201 1770 4293; x_wconf 88' lang='lat' dir='ltr'><strong>disputationum</strong></span> <span class='ocrx_word' id='word_1_505' title='bbox 1790 4203 1925 4272; x_wconf 89' lang='lat' dir='ltr'><strong>sinunt.</strong></span> 
     </span>
    </p>

    <p class='ocr_par' dir='ltr' id='par_1_4' title="bbox 258 4296 2431 5630">
     <span class='ocr_line' id='line_1_39' title="bbox 363 4296 2306 4394; baseline 0.001 -29"><span class='ocrx_word' id='word_1_506' title='bbox 363 4296 459 4368; x_wconf 87' lang='lat' dir='ltr'><strong>Haec</strong></span> <span class='ocrx_word' id='word_1_507' title='bbox 478 4300 641 4386; x_wconf 89' lang='lat' dir='ltr'><strong>recitavi,</strong></span> <span class='ocrx_word' id='word_1_508' title='bbox 667 4316 706 4373; x_wconf 93' lang='lat' dir='ltr'><strong>ut</strong></span> <span class='ocrx_word' id='word_1_509' title='bbox 721 4304 900 4374; x_wconf 90' lang='lat' dir='ltr'><strong>studiosus</strong></span> <span class='ocrx_word' id='word_1_510' title='bbox 918 4297 1035 4372; x_wconf 60' lang='lat' dir='ltr'><strong>&#39;lector</strong></span> <span class='ocrx_word' id='word_1_511' title='bbox 1059 4304 1259 4394; x_wconf 85' lang='lat' dir='ltr'><strong>praemuni·</strong></span> <span class='ocrx_word' id='word_1_512' title='bbox 1407 4303 1456 4375; x_wconf 92' lang='lat' dir='ltr'><strong>At</strong></span> <span class='ocrx_word' id='word_1_513' title='bbox 1470 4305 1665 4374; x_wconf 87' lang='lat' dir='ltr'><strong>reclamant</strong></span> <span class='ocrx_word' id='word_1_514' title='bbox 1680 4303 1893 4382; x_wconf 89' lang='lat' dir='ltr'><strong>adversarii,</strong></span> <span class='ocrx_word' id='word_1_515' title='bbox 1919 4323 2001 4384; x_wconf 88' lang='lat' dir='ltr'><strong>nos,</strong></span> <span class='ocrx_word' id='word_1_516' title='bbox 2027 4313 2202 4390; x_wconf 84' lang='lat' dir='ltr'><strong>tanquam</strong></span> <span class='ocrx_word' id='word_1_517' title='bbox 2230 4321 2306 4366; x_wconf 89' lang='lat' dir='ltr'><strong>ma-</strong></span> 
     </span>
     <span class='ocr_line' id='line_1_40' title="bbox 261 4399 2310 4497; baseline -0.001 -28"><span class='ocrx_word' id='word_1_518' title='bbox 261 4413 318 4469; x_wconf 90' lang='lat' dir='ltr'><strong>tus</strong></span> <span class='ocrx_word' id='word_1_519' title='bbox 336 4403 551 4472; x_wconf 80' lang='lat' dir='ltr'><strong>conseratad</strong></span> <span class='ocrx_word' id='word_1_520' title='bbox 570 4399 663 4474; x_wconf 89' lang='lat' dir='ltr'><strong>hunc</strong></span> <span class='ocrx_word' id='word_1_521' title='bbox 681 4401 875 4495; x_wconf 88' lang='lat' dir='ltr'><strong>Augustini</strong></span> <span class='ocrx_word' id='word_1_522' title='bbox 899 4407 1032 4475; x_wconf 89' lang='lat' dir='ltr'><strong>librum</strong></span> <span class='ocrx_word' id='word_1_523' title='bbox 1048 4407 1259 4486; x_wconf 88' lang='lat' dir='ltr'><strong>doctrinam,</strong></span> <span class='ocrx_word' id='word_1_524' title='bbox 1305 4407 1380 4497; x_wconf 86' lang='lat' dir='ltr'><strong>gica</strong></span> <span class='ocrx_word' id='word_1_525' title='bbox 1401 4409 1509 4476; x_wconf 89' lang='lat' dir='ltr'><strong>verba</strong></span> <span class='ocrx_word' id='word_1_526' title='bbox 1535 4407 1713 4476; x_wconf 87' lang='lat' dir='ltr'><strong>imitantes</strong></span> <span class='ocrx_word' id='word_1_527' title='bbox 1736 4431 1808 4475; x_wconf 93' lang='lat' dir='ltr'><strong>non</strong></span> <span class='ocrx_word' id='word_1_528' title='bbox 1834 4405 2032 4487; x_wconf 86' lang='lat' dir='ltr'><strong>intellecta,</strong></span> <span class='ocrx_word' id='word_1_529' title='bbox 2062 4401 2195 4471; x_wconf 89' lang='lat' dir='ltr'><strong>stolide</strong></span> <span class='ocrx_word' id='word_1_530' title='bbox 2220 4401 2310 4470; x_wconf 86' lang='lat' dir='ltr'><strong>reti-</strong></span> 
     </span>
     <span class='ocr_line' id='line_1_41' title="bbox 263 4496 2431 4601; baseline 0.001 -31"><span class='ocrx_word' id='word_1_531' title='bbox 263 4512 351 4594; x_wconf 85' lang='lat' dir='ltr'><strong>quae</strong></span> <span class='ocrx_word' id='word_1_532' title='bbox 368 4503 411 4570; x_wconf 92' lang='lat' dir='ltr'><strong>de</strong></span> <span class='ocrx_word' id='word_1_533' title='bbox 428 4505 547 4575; x_wconf 84' lang='lat' dir='ltr'><strong>lideet</strong></span> <span class='ocrx_word' id='word_1_534' title='bbox 561 4507 603 4576; x_wconf 94' lang='lat' dir='ltr'><strong>de</strong></span> <span class='ocrx_word' id='word_1_535' title='bbox 618 4508 751 4578; x_wconf 91' lang='lat' dir='ltr'><strong>iustitia</strong></span> <span class='ocrx_word' id='word_1_536' title='bbox 767 4509 804 4575; x_wconf 93' lang='lat' dir='ltr'><strong>in</strong></span> <span class='ocrx_word' id='word_1_537' title='bbox 819 4509 950 4578; x_wconf 89' lang='lat' dir='ltr'><strong>nostris</strong></span> <span class='ocrx_word' id='word_1_538' title='bbox 964 4505 1132 4580; x_wconf 88' lang='lat' dir='ltr'><strong>Ecclesiis</strong></span> <span class='ocrx_word' id='word_1_539' title='bbox 1147 4511 1259 4580; x_wconf 90' lang='lat' dir='ltr'><strong>tradi-</strong></span> <span class='ocrx_word' id='word_1_540' title='bbox 1305 4535 1389 4579; x_wconf 91' lang='lat' dir='ltr'><strong>nere</strong></span> <span class='ocrx_word' id='word_1_541' title='bbox 1413 4511 1583 4601; x_wconf 90' lang='lat' dir='ltr'><strong>scriptum</strong></span> <span class='ocrx_word' id='word_1_542' title='bbox 1603 4507 1724 4592; x_wconf 88' lang='lat' dir='ltr'><strong>Pauli,</strong></span> <span class='ocrx_word' id='word_1_543' title='bbox 1749 4532 1810 4576; x_wconf 89' lang='lat' dir='ltr'><strong>seu</strong></span> <span class='ocrx_word' id='word_1_544' title='bbox 1835 4503 1877 4578; x_wconf 83' lang='grc' dir='ltr'><strong>τὸ</strong></span> <span class='ocrx_word' id='word_1_545' title='bbox 1903 4500 2034 4600; x_wconf 61' lang='grc' dir='ltr'><em>ῥητὸν,</em></span> <span class='ocrx_word' id='word_1_546' title='bbox 2059 4527 2202 4572; x_wconf 86' lang='lat' dir='ltr'><strong>severo</strong></span> <span class='ocrx_word' id='word_1_547' title='bbox 2223 4496 2308 4575; x_wconf 80' lang='lat' dir='ltr'><strong>dtul-</strong></span> <span class='ocrx_word' id='word_1_548' title='bbox 2430 4573 2431 4582; x_wconf 66' lang='grc'>,</span> 
     </span>
     <span class='ocr_line' id='line_1_42' title="bbox 262 4603 2431 4706; baseline -0.002 -23"><span class='ocrx_word' id='word_1_549' title='bbox 262 4618 337 4683; x_wconf 84' lang='lat' dir='ltr'><strong>tur,</strong></span> <span class='ocrx_word' id='word_1_550' title='bbox 368 4606 439 4674; x_wconf 84' lang='lat' dir='ltr'><strong>imo</strong></span> <span class='ocrx_word' id='word_1_551' title='bbox 467 4605 582 4698; x_wconf 89' lang='lat' dir='ltr'><strong>ipsum</strong></span> <span class='ocrx_word' id='word_1_552' title='bbox 604 4603 798 4702; x_wconf 83' lang='lat' dir='ltr'><strong>Augustini</strong></span> <span class='ocrx_word' id='word_1_553' title='bbox 820 4624 941 4701; x_wconf 91' lang='lat' dir='ltr'><strong>pectus</strong></span> <span class='ocrx_word' id='word_1_554' title='bbox 964 4615 1007 4682; x_wconf 91' lang='lat' dir='ltr'><strong>ad</strong></span> <span class='ocrx_word' id='word_1_555' title='bbox 1035 4607 1127 4706; x_wconf 81' lang='lat' dir='ltr'><strong>hane</strong></span> <span class='ocrx_word' id='word_1_556' title='bbox 1150 4613 1259 4682; x_wconf 89' lang='lat' dir='ltr'><strong>muti·</strong></span> <span class='ocrx_word' id='word_1_557' title='bbox 1303 4635 1430 4697; x_wconf 72' lang='lat' dir='ltr'><strong>veturs,</strong></span> <span class='ocrx_word' id='word_1_558' title='bbox 1458 4607 1525 4681; x_wconf 92' lang='lat' dir='ltr'><strong>hoc</strong></span> <span class='ocrx_word' id='word_1_559' title='bbox 1542 4624 1609 4696; x_wconf 89' lang='lat' dir='ltr'><strong>est,</strong></span> <span class='ocrx_word' id='word_1_560' title='bbox 1637 4611 1846 4680; x_wconf 89' lang='lat' dir='ltr'><strong>sententiam</strong></span> <span class='ocrx_word' id='word_1_561' title='bbox 1862 4609 1982 4701; x_wconf 86' lang='lat' dir='ltr'><strong>sequi,</strong></span> <span class='ocrx_word' id='word_1_562' title='bbox 2006 4631 2045 4676; x_wconf 88' lang='lat' dir='ltr'><strong>ac</strong></span> <span class='ocrx_word' id='word_1_563' title='bbox 2060 4604 2165 4675; x_wconf 90' lang='lat' dir='ltr'><strong>Pauli</strong></span> <span class='ocrx_word' id='word_1_564' title='bbox 2184 4607 2309 4674; x_wconf 89' lang='lat' dir='ltr'><strong>verbis</strong></span> <span class='ocrx_word' id='word_1_565' title='bbox 2430 4675 2431 4678; x_wconf 74' lang='grc'>,</span> 
     </span>
     <span class='ocr_line' id='line_1_43' title="bbox 263 4705 2307 4806; baseline 0.001 -33"><span class='ocrx_word' id='word_1_566' title='bbox 263 4705 333 4773; x_wconf 86' lang='lat' dir='ltr'><strong>larn</strong></span> <span class='ocrx_word' id='word_1_567' title='bbox 367 4707 639 4798; x_wconf 83' lang='lat' dir='ltr'><strong>explicationem</strong></span> <span class='ocrx_word' id='word_1_568' title='bbox 671 4711 847 4798; x_wconf 84' lang='lat' dir='ltr'><strong>conferat,</strong></span> <span class='ocrx_word' id='word_1_569' title='bbox 881 4739 946 4784; x_wconf 89' lang='lat' dir='ltr'><strong>nec</strong></span> <span class='ocrx_word' id='word_1_570' title='bbox 980 4729 1141 4806; x_wconf 88' lang='lat' dir='ltr'><strong>excerpat</strong></span> <span class='ocrx_word' id='word_1_571' title='bbox 1172 4707 1258 4784; x_wconf 91' lang='lat' dir='ltr'><strong>hinc</strong></span> <span class='ocrx_word' id='word_1_572' title='bbox 1304 4716 1514 4787; x_wconf 89' lang='lat' dir='ltr'><strong>concinnam</strong></span> <span class='ocrx_word' id='word_1_573' title='bbox 1540 4713 1867 4804; x_wconf 87' lang='lat' dir='ltr'><strong>interpretationem</strong></span> <span class='ocrx_word' id='word_1_574' title='bbox 1891 4713 2021 4779; x_wconf 91' lang='lat' dir='ltr'><strong>addere</strong></span> <span class='ocrx_word' id='word_1_575' title='bbox 2044 4723 2307 4797; x_wconf 83' lang='lat' dir='ltr'><strong>congruentem</strong></span> 
     </span>
     <span class='ocr_line' id='line_1_44' title="bbox 261 4804 2307 4912; baseline 0.001 -38"><span class='ocrx_word' id='word_1_576' title='bbox 261 4821 439 4879; x_wconf 91' lang='lat' dir='ltr'><strong>truncatas</strong></span> <span class='ocrx_word' id='word_1_577' title='bbox 464 4815 655 4883; x_wconf 91' lang='lat' dir='ltr'><strong>sententias</strong></span> <span class='ocrx_word' id='word_1_578' title='bbox 670 4804 722 4884; x_wconf 84' lang='lat' dir='ltr'><strong>¹ad</strong></span> <span class='ocrx_word' id='word_1_579' title='bbox 745 4815 965 4885; x_wconf 91' lang='lat' dir='ltr'><strong>obruendam</strong></span> <span class='ocrx_word' id='word_1_580' title='bbox 983 4817 1116 4905; x_wconf 87' lang='lat' dir='ltr'><strong>lucem,</strong></span> <span class='ocrx_word' id='word_1_581' title='bbox 1151 4841 1257 4912; x_wconf 90' lang='lat' dir='ltr'><strong>qnam</strong></span> <span class='ocrx_word' id='word_1_582' title='bbox 1303 4805 1502 4907; x_wconf 85' lang='lat' dir='ltr'><strong>¹sapientum</strong></span> <span class='ocrx_word' id='word_1_583' title='bbox 1528 4829 1561 4886; x_wconf 88' lang='lat' dir='ltr'><strong>et</strong></span> <span class='ocrx_word' id='word_1_584' title='bbox 1578 4829 1630 4885; x_wconf 92' lang='lat' dir='ltr'><strong>tot</strong></span> <span class='ocrx_word' id='word_1_585' title='bbox 1653 4815 1864 4907; x_wconf 90' lang='lat' dir='ltr'><strong>scriptorum</strong></span> <span class='ocrx_word' id='word_1_586' title='bbox 1883 4813 2042 4882; x_wconf 91' lang='lat' dir='ltr'><strong>iudiciis:</strong></span> <span class='ocrx_word' id='word_1_587' title='bbox 2070 4833 2195 4879; x_wconf 88' lang='lat' dir='ltr'><strong>sumus</strong></span> <span class='ocrx_word' id='word_1_588' title='bbox 2220 4811 2307 4878; x_wconf 91' lang='lat' dir='ltr'><strong>iusti</strong></span> 
     </span>
     <span class='ocr_line' id='line_1_45' title="bbox 262 4907 2309 5018; baseline 0.001 -40"><span class='ocrx_word' id='word_1_589' title='bbox 262 4907 775 5014; x_wconf 67' lang='lat' dir='ltr'><strong>deusEcelesiaesuaemagna</strong></span> <span class='ocrx_word' id='word_1_590' title='bbox 792 4917 949 4990; x_wconf 86' lang='lat' dir='ltr'><strong>bonitate</strong></span> <span class='ocrx_word' id='word_1_591' title='bbox 967 4919 1128 4993; x_wconf 89' lang='lat' dir='ltr'><strong>restituit.</strong></span> <span class='ocrx_word' id='word_1_592' title='bbox 1164 4917 1256 4989; x_wconf 88' lang='lat' dir='ltr'><strong>Cum</strong></span> <span class='ocrx_word' id='word_1_593' title='bbox 1291 4915 1391 5014; x_wconf 82' lang='lat' dir='ltr'><strong>fide,</strong></span> <span class='ocrx_word' id='word_1_594' title='bbox 1418 4921 1550 4990; x_wconf 91' lang='lat' dir='ltr'><strong>scilicet</strong></span> <span class='ocrx_word' id='word_1_595' title='bbox 1568 4917 1763 5018; x_wconf 83' lang='lat' dir='ltr'><strong>formata,</strong></span> <span class='ocrx_word' id='word_1_596' title='bbox 1790 4933 1830 4990; x_wconf 90' lang='lat' dir='ltr'><strong>ut</strong></span> <span class='ocrx_word' id='word_1_597' title='bbox 1852 4917 1997 5000; x_wconf 89' lang='lat' dir='ltr'><strong>dicunt,</strong></span> <span class='ocrx_word' id='word_1_598' title='bbox 2023 4915 2060 4982; x_wconf 91' lang='lat' dir='ltr'><strong>id</strong></span> <span class='ocrx_word' id='word_1_599' title='bbox 2085 4926 2138 4982; x_wconf 90' lang='lat' dir='ltr'><strong>est</strong></span> <span class='ocrx_word' id='word_1_600' title='bbox 2156 4927 2309 5004; x_wconf 88' lang='lat' dir='ltr'><strong>propter</strong></span> 
     </span>
     <span class='ocr_line' id='line_1_46' title="bbox 261 5015 2308 5117; baseline 0.001 -36"><span class='ocrx_word' id='word_1_601' title='bbox 261 5026 377 5082; x_wconf 87' lang='lat' dir='ltr'><strong>autern</strong></span> <span class='ocrx_word' id='word_1_602' title='bbox 396 5019 611 5086; x_wconf 84' lang='lat' dir='ltr'><strong>reverendus</strong></span> <span class='ocrx_word' id='word_1_603' title='bbox 627 5017 702 5114; x_wconf 80' lang='lat' dir='ltr'><strong>vir,</strong></span> <span class='ocrx_word' id='word_1_604' title='bbox 729 5021 951 5117; x_wconf 83' lang='lat' dir='ltr'><strong>eruditione,</strong></span> <span class='ocrx_word' id='word_1_605' title='bbox 977 5021 1108 5094; x_wconf 86' lang='lat' dir='ltr'><strong>virtute</strong></span> <span class='ocrx_word' id='word_1_606' title='bbox 1132 5037 1167 5093; x_wconf 92' lang='lat' dir='ltr'><strong>et</strong></span> <span class='ocrx_word' id='word_1_607' title='bbox 1183 5023 1257 5112; x_wconf 92' lang='lat' dir='ltr'><strong>pie·</strong></span> <span class='ocrx_word' id='word_1_608' title='bbox 1303 5023 1531 5094; x_wconf 89' lang='lat' dir='ltr'><strong>dilectionem</strong></span> <span class='ocrx_word' id='word_1_609' title='bbox 1562 5023 1650 5108; x_wconf 80' lang='lat' dir='ltr'><strong>iusti</strong></span> <span class='ocrx_word' id='word_1_610' title='bbox 1682 5045 1813 5091; x_wconf 73' lang='lat' dir='ltr'><strong>sranius.</strong></span> <span class='ocrx_word' id='word_1_611' title='bbox 1876 5017 1974 5086; x_wconf 87' lang='lat' dir='ltr'><strong>Haec</strong></span> <span class='ocrx_word' id='word_1_612' title='bbox 2007 5015 2205 5098; x_wconf 83' lang='lat' dir='ltr'><strong>sententia,</strong></span> <span class='ocrx_word' id='word_1_613' title='bbox 2247 5017 2308 5083; x_wconf 89' lang='lat' dir='ltr'><strong>in·-</strong></span> 
     </span>
     <span class='ocr_line' id='line_1_47' title="bbox 261 5113 2306 5220; baseline -0 -35"><span class='ocrx_word' id='word_1_614' title='bbox 261 5127 331 5185; x_wconf 88' lang='lat' dir='ltr'><strong>tate</strong></span> <span class='ocrx_word' id='word_1_615' title='bbox 357 5133 554 5207; x_wconf 90' lang='lat' dir='ltr'><strong>praestans,</strong></span> <span class='ocrx_word' id='word_1_616' title='bbox 593 5115 730 5192; x_wconf 89' lang='lat' dir='ltr'><strong>Doctor</strong></span> <span class='ocrx_word' id='word_1_617' title='bbox 761 5115 954 5194; x_wconf 80' lang='lat' dir='ltr'><strong>Iohannes</strong></span> <span class='ocrx_word' id='word_1_618' title='bbox 981 5119 1257 5220; x_wconf 78' lang='lat' dir='ltr'><strong>Bugenhagius</strong></span> <span class='ocrx_word' id='word_1_619' title='bbox 1302 5127 1451 5220; x_wconf 91' lang='lat' dir='ltr'><strong>quiunt,</strong></span> <span class='ocrx_word' id='word_1_620' title='bbox 1495 5126 1636 5216; x_wconf 90' lang='lat' dir='ltr'><strong>copulat</strong></span> <span class='ocrx_word' id='word_1_621' title='bbox 1669 5113 1851 5192; x_wconf 85' lang='lat' dir='ltr'><strong>virtutes.¹</strong></span> <span class='ocrx_word' id='word_1_622' title='bbox 1888 5116 1924 5189; x_wconf 94' lang='grc' dir='ltr'><strong>Ο</strong></span> <span class='ocrx_word' id='word_1_623' title='bbox 1953 5143 2027 5188; x_wconf 89' lang='lat' dir='ltr'><strong>rem</strong></span> <span class='ocrx_word' id='word_1_624' title='bbox 2061 5115 2306 5208; x_wconf 87' lang='lat' dir='ltr'><strong>perniciosam</strong></span> 
     </span>
     <span class='ocr_line' id='line_1_48' title="bbox 259 5209 2307 5318; baseline 0.002 -33"><span class='ocrx_word' id='word_1_625' title='bbox 259 5209 505 5306; x_wconf 80' lang='lat' dir='ltr'><strong>Pomcranus,</strong></span> <span class='ocrx_word' id='word_1_626' title='bbox 530 5217 658 5295; x_wconf 88' lang='lat' dir='ltr'><strong>Pastor</strong></span> <span class='ocrx_word' id='word_1_627' title='bbox 678 5219 856 5296; x_wconf 88' lang='lat' dir='ltr'><strong>Ecclesiae</strong></span> <span class='ocrx_word' id='word_1_628' title='bbox 873 5224 1137 5318; x_wconf 80' lang='lat' dir='ltr'><strong>Vitebergensis</strong></span> <span class='ocrx_word' id='word_1_629' title='bbox 1161 5223 1257 5296; x_wconf 93' lang='lat' dir='ltr'><strong>hunc</strong></span> <span class='ocrx_word' id='word_1_630' title='bbox 1301 5225 1479 5299; x_wconf 88' lang='lat' dir='ltr'><strong>Ecclesiae</strong></span> <span class='ocrx_word' id='word_1_631' title='bbox 1495 5243 1528 5298; x_wconf 91' lang='lat' dir='ltr'><strong>et</strong></span> <span class='ocrx_word' id='word_1_632' title='bbox 1545 5227 1639 5297; x_wconf 88' lang='lat' dir='ltr'><strong>vitae</strong></span> <span class='ocrx_word' id='word_1_633' title='bbox 1656 5221 1844 5293; x_wconf 89' lang='lat' dir='ltr'><strong>hominum</strong></span> <span class='ocrx_word' id='word_1_634' title='bbox 1862 5217 2108 5314; x_wconf 89' lang='lat' dir='ltr'><strong>sophisticam!</strong></span> <span class='ocrx_word' id='word_1_635' title='bbox 2150 5217 2307 5289; x_wconf 89' lang='lat' dir='ltr'><strong>Ludunt</strong></span> 
     </span>
     <span class='ocr_line' id='line_1_49' title="bbox 258 5316 2305 5422; baseline 0 -34"><span class='ocrx_word' id='word_1_636' title='bbox 258 5319 393 5390; x_wconf 90' lang='lat' dir='ltr'><strong>librum</strong></span> <span class='ocrx_word' id='word_1_637' title='bbox 427 5337 654 5398; x_wconf 87' lang='lat' dir='ltr'><strong>enarraturus</strong></span> <span class='ocrx_word' id='word_1_638' title='bbox 681 5325 745 5410; x_wconf 89' lang='lat' dir='ltr'><strong>sit,</strong></span> <span class='ocrx_word' id='word_1_639' title='bbox 786 5353 862 5400; x_wconf 93' lang='lat' dir='ltr'><strong>non</strong></span> <span class='ocrx_word' id='word_1_640' title='bbox 898 5333 1026 5400; x_wconf 91' lang='lat' dir='ltr'><strong>addam</strong></span> <span class='ocrx_word' id='word_1_641' title='bbox 1057 5330 1256 5422; x_wconf 87' lang='lat' dir='ltr'><strong>longiorem</strong></span> <span class='ocrx_word' id='word_1_642' title='bbox 1302 5333 1492 5402; x_wconf 86' lang='lat' dir='ltr'><strong>verborum</strong></span> <span class='ocrx_word' id='word_1_643' title='bbox 1518 5329 1715 5422; x_wconf 87' lang='lat' dir='ltr'><strong>praestigiis</strong></span> <span class='ocrx_word' id='word_1_644' title='bbox 1740 5326 1953 5409; x_wconf 89' lang='lat' dir='ltr'><strong>adversarii,</strong></span> <span class='ocrx_word' id='word_1_645' title='bbox 1980 5344 2061 5405; x_wconf 89' lang='lat' dir='ltr'><strong>seu,</strong></span> <span class='ocrx_word' id='word_1_646' title='bbox 2087 5332 2127 5390; x_wconf 91' lang='lat' dir='ltr'><strong>ut</strong></span> <span class='ocrx_word' id='word_1_647' title='bbox 2147 5316 2305 5390; x_wconf 90' lang='lat' dir='ltr'><strong>Aeschi-</strong></span> 
     </span>
     <span class='ocr_line' id='line_1_50' title="bbox 258 5420 2303 5524; baseline -0.005 -22"><span class='ocrx_word' id='word_1_648' title='bbox 258 5425 589 5512; x_wconf 73' lang='lat' dir='ltr'><strong>praemonlllonem.</strong></span> <span class='ocrx_word' id='word_1_649' title='bbox 629 5425 818 5522; x_wconf 83' lang='lat' dir='ltr'><strong>Ipse&#39;euim</strong></span> <span class='ocrx_word' id='word_1_650' title='bbox 835 5434 970 5524; x_wconf 89' lang='lat' dir='ltr'><strong>optima</strong></span> <span class='ocrx_word' id='word_1_651' title='bbox 986 5434 1054 5504; x_wconf 89' lang='lat' dir='ltr'><strong>fide</strong></span> <span class='ocrx_word' id='word_1_652' title='bbox 1072 5447 1106 5503; x_wconf 90' lang='lat' dir='ltr'><strong>et</strong></span> <span class='ocrx_word' id='word_1_653' title='bbox 1120 5433 1256 5524; x_wconf 90' lang='lat' dir='ltr'><strong>gravis·</strong></span> <span class='ocrx_word' id='word_1_654' title='bbox 1302 5433 1359 5503; x_wconf 93' lang='lat' dir='ltr'><strong>nis</strong></span> <span class='ocrx_word' id='word_1_655' title='bbox 1374 5436 1491 5504; x_wconf 86' lang='lat' dir='ltr'><strong>verbis</strong></span> <span class='ocrx_word' id='word_1_656' title='bbox 1511 5447 1609 5518; x_wconf 89' lang='lat' dir='ltr'><strong>utar,</strong></span> <span class='ocrx_word' id='word_1_657' title='bbox 1635 5431 1821 5500; x_wconf 88' lang='lat' dir='ltr'><strong>latrocinia</strong></span> <span class='ocrx_word' id='word_1_658' title='bbox 1845 5438 2006 5499; x_wconf 84' lang='lat' dir='ltr'><strong>exercent</strong></span> <span class='ocrx_word' id='word_1_659' title='bbox 2024 5445 2088 5516; x_wconf 86' lang='lat' dir='ltr'><strong>per</strong></span> <span class='ocrx_word' id='word_1_660' title='bbox 2101 5420 2303 5492; x_wconf 89' lang='lat' dir='ltr'><strong>Ecclesiam</strong></span> 
     </span>
     <span class='ocr_line' id='line_1_51' title="bbox 258 5525 2334 5630; baseline -0 -36"><span class='ocrx_word' id='word_1_661' title='bbox 258 5525 349 5595; x_wconf 89' lang='lat' dir='ltr'><strong>simo</strong></span> <span class='ocrx_word' id='word_1_662' title='bbox 368 5526 502 5597; x_wconf 89' lang='lat' dir='ltr'><strong>iudicio</strong></span> <span class='ocrx_word' id='word_1_663' title='bbox 513 5529 606 5600; x_wconf 93' lang='lat' dir='ltr'><strong>dicta</strong></span> <span class='ocrx_word' id='word_1_664' title='bbox 622 5531 828 5603; x_wconf 88' lang='lat' dir='ltr'><strong>obscuriora</strong></span> <span class='ocrx_word' id='word_1_665' title='bbox 842 5535 1045 5608; x_wconf 89' lang='lat' dir='ltr'><strong>illustrabit.</strong></span> <span class='ocrx_word' id='word_1_666' title='bbox 1071 5534 1164 5608; x_wconf 91' lang='lat' dir='ltr'><strong>Illud</strong></span> <span class='ocrx_word' id='word_1_667' title='bbox 1176 5547 1256 5606; x_wconf 84' lang='lat' dir='ltr'><strong>tan·</strong></span> <span class='ocrx_word' id='word_1_668' title='bbox 1302 5539 1507 5630; x_wconf 87' lang='lat' dir='ltr'><strong>navigantes</strong></span> <span class='ocrx_word' id='word_1_669' title='bbox 1523 5535 1562 5604; x_wconf 92' lang='lat' dir='ltr'><strong>in</strong></span> <span class='ocrx_word' id='word_1_670' title='bbox 1581 5535 1773 5605; x_wconf 82' lang='lat' dir='ltr'><strong>vocabulis.</strong></span> <span class='ocrx_word' id='word_1_671' title='bbox 1826 5531 1959 5615; x_wconf 89' lang='lat' dir='ltr'><strong>Aiunt,</strong></span> <span class='ocrx_word' id='word_1_672' title='bbox 1986 5549 2022 5597; x_wconf 90' lang='lat' dir='ltr'><strong>se</strong></span> <span class='ocrx_word' id='word_1_673' title='bbox 2037 5525 2206 5617; x_wconf 89' lang='lat' dir='ltr'><strong>copulare</strong></span> <span class='ocrx_word' id='word_1_674' title='bbox 2229 5525 2304 5596; x_wconf 84' lang='lat' dir='ltr'><strong>vir·</strong></span> <span class='ocrx_word' id='word_1_675' title='bbox 2329 5551 2334 5560; x_wconf 93' lang='lat'><em>·</em></span> 
     </span>
    </p>
   </div>
   <div class='ocr_carea' id='block_1_3' title="bbox 0 0 2450 6244">
    <p class='ocr_par' dir='ltr' id='par_1_5' title="bbox 0 0 2450 6244">
     <span class='ocr_line' id='line_1_52' title="bbox 0 0 2450 6244; baseline 0 0"><span class='ocrx_word' id='word_1_676' title='bbox 0 0 2450 6244; x_wconf 95' lang='lat' dir='ltr'><strong> </strong></span> 
     </span>
    </p>
   </div>
  </div>
 </body>
</html>
