4776 6260
50 363 121 436 aar
439 311 441 318 ’
621 317 1059 436 arrsronannu'
1111 355 1217 435 ms.
1251 353 1320 433 rx.
1373 353 1505 433 1sts.
1789 375 1794 382 ·
2018 349 2094 436 ort

49 551 86 608 ut
99 537 142 606 ad
160 533 351 604 sacerdotia
369 533 598 626 collegiorum
620 536 837 627 eligerentur
849 534 936 605 tales
961 531 1042 618 viri,
1092 531 1158 602 filii
1191 530 1259 603 Dei
1292 535 1514 622 obsignatae,
1555 557 1619 604 nec
1658 535 1818 602 deserere
1850 525 2089 608 ministerium

49 661 198 734 qrrornm
223 637 399 708 industria
426 639 507 708 usui
532 663 606 709 esse
627 653 755 733 posset.
814 635 920 709 Nunc
945 637 1041 706 enim
1089 633 1461 727 Evangelicumlicet,
1487 635 1774 706 etEcclesiarum
1790 645 1992 704 nostrarum
2009 627 2089 703 lesu

50 765 153 838 qrram
182 742 287 812 multi
318 741 451 811 sintin
476 743 633 833 collegiis
657 740 922 814 Canonicornm
947 753 1040 810 recte
1090 735 1254 824 Christo,
1282 739 1344 833 qui
1358 742 1455 809 sedet
1477 741 1519 809 ad
1538 743 1695 808 dextram
1712 737 1846 810 aeterni
1868 733 1998 828 patris,
2024 731 2088 810 uhi

51 843 197 928 eruditi,
231 865 286 912 res
316 843 390 944 ipsa
414 845 580 918 ostendit.
639 841 692 917 Ac
720 845 912 936 praecipue
937 844 1040 935 pauci
1089 843 1156 912 sibi
1176 839 1370 912 Ecclesiam
1395 867 1478 912 voce
1504 839 1689 930 Evangelii
1711 839 1766 913 sul
1789 840 1951 930 colligat,
1978 857 2084 929 expe.-

50 961 146 1032 sunt,
172 947 236 1039 qni
255 946 453 1016 doctrinam
470 944 647 1016 Ecclesiae
665 963 758 1018 recte
780 947 981 1034 intelligant
1007 957 1040 1014 et
1091 957 1183 1015 ctare
1199 948 1380 1020 dehemus.
1409 1020 1416 1032 ,

49 1063 175 1121 ament.
203 1045 273 1118 Sed
290 1062 329 1119 ut
346 1043 561 1118 honestiviri
576 1049 647 1120 sint
663 1051 701 1118 in
715 1046 1040 1139 collegiisCanoni-

48 1177 179 1234 corum,
191 1151 365 1221 abolenda
381 1166 431 1220 est
447 1151 556 1242 impia
571 1153 626 1221 lex
644 1155 687 1222 de
704 1153 892 1236 coelibatu,
910 1165 1038 1222 etcon-

49 1255 244 1324 cedendum
260 1267 311 1322 est
330 1247 385 1321 his
403 1249 643 1326 honestum‘et
660 1255 759 1345 pium
774 1254 991 1343 coniugium.
1191 1243 1288 1316 Deus
1308 1249 1471 1338 potestati
1494 1247 1629 1337 gerenti
1643 1245 1802 1336 gladium
1819 1241 2021 1324 mandavit,
2047 1251 2086 1306 ut

143 1355 330 1425 Postremo
349 1357 378 1424 si
392 1352 488 1425 Deus
504 1370 609 1427 autor
626 1358 704 1449 piae
721 1370 755 1428 et
768 1357 932 1426 salutaris
951 1379 1039 1425 con-
1091 1363 1272 1418 externam
1289 1345 1474 1420 honestam
1490 1349 1715 1442 disciplinam
1732 1347 1829 1417 iuxta
1846 1344 1967 1416 omnia
1982 1365 2083 1420 man-

46 1459 187 1530 cordiae
222 1459 356 1528 faveret
391 1458 504 1528 initiis
530 1460 814 1546 reformationis,
857 1473 892 1529 et
917 1481 1040 1527 emen·
1091 1449 1255 1520 detaDei
1274 1466 1468 1524 tueaturac
1489 1455 1657 1532 retineat,
1685 1448 1980 1540 etcorporflllbtss
2002 1469 2086 1537 Ρθθ·

46 1562 137 1632 datio
177 1559 235 1652 pia
268 1562 492 1652 procederet,
524 1561 653 1632 deinde
679 1562 719 1632 in
750 1562 923 1632 electione
950 1559 1040 1652 Epi·
1061 1511 1065 1638 l
1091 1555 1147 1621 nis
1163 1577 1302 1641 omnes,
1329 1558 1392 1648 qui
1407 1557 1543 1625 violant
1557 1569 1734 1627 externam
1751 1551 1994 1644 disciplinam,
2020 1571 2088 1638 ptr-

46 1687 233 1755 scoporum
255 1663 429 1732 rationem
445 1658 570 1733 haberi
593 1677 788 1756 oporteret,
814 1687 888 1733 non
903 1677 1039 1759 tantum
1092 1657 1185 1741 niet,
1212 1671 1245 1727 et
1263 1683 1386 1728 omnes
1402 1659 1627 1730 mediocriter
1642 1657 1746 1749 periti
1765 1654 1961 1726 forensium
1977 1671 2088 1740 nego·

46 1768 211 1860 politicae
232 1765 516 1856 gubernationis,
547 1768 736 1837 sedetiam
763 1763 1039 1838 Ecclesiasticae.
1091 1760 1224 1828 tiorum
1246 1761 1381 1845 sciunt,
1422 1787 1513 1856 quae
1538 1785 1677 1831 caussae
1708 1761 1750 1829 ad
1776 1755 1843 1828 hoc
1865 1760 1985 1828 forum
2005 1776 2088 1829 vere

46 1869 1041 1962 Quaerendusessetnontantumdiligensquaestoraut
1093 1862 1303 1952 pertineant.
1361 1859 1605 1934 Praeter'hoc
1633 1864 1751 1932 forum
1785 1859 1970 1935 consiluit
1990 1853 2089 1926 Dent

45 1974 98 2040 sir
112 1971 300 2064 politicus,
325 1971 508 2040 sedetiam
531 1972 760 2042 mediocriter
779 1972 893 2042 sciens
908 1971 1041 2041 doctri·
1092 1965 1187 2034 aliud
1206 1967 1378 2034 iudicium
1396 1968 1434 2036 in
1447 1965 1625 2047 Ecclesia,
1653 1965 1747 2058 quod
1767 1989 1847 2034 cum
1867 1965 2009 2034 viaesse
2026 1967 2088 2034 de-

46 2099 124 2143 nam
148 2071 328 2142 Ecclesiae
350 2087 385 2143 et
409 2095 482 2142 non
508 2075 657 2163 superbe
682 2074 865 2144 fastidiens
878 2073 1041 2143 ministe-
1093 2071 1173 2138 beat
1186 2071 1227 2136 ad
1254 2070 1530 2159 poenitentiam,
1557 2093 1632 2138 ¹10ss
1657 2067 1824 2138 interficit
1844 2061 2027 2138 hminem
2052 2069 2087 2136 vl

44 2177 134 2246 rium
151 2171 426 2264 Evangelicum,
453 2175 727 2245 deliberationes
741 2179 785 2246 de
800 2176 981 2262 doctrina,
1008 2189 1041 2245 et
1092 2171 1285 2262 corporali,
1313 2174 1371 2240 sed
1390 2173 1495 2264 punit
1510 2173 1619 2240 verbo
1637 2168 1725 2253 Dei,
1752 2170 1886 2240 scilicet
1911 2183 1973 2240 aut
1988 2193 2089 2262 sepa-

46 2281 88 2348 de
114 2276 414 2369 piisceremoniis
437 2291 471 2348 et
494 2279 734 2348 defensionem
750 2292 953 2371 pastorum,
979 2282 1039 2348 sed
1091 2275 1249 2358 ratione,
1282 2289 1344 2344 ant
1372 2275 1544 2344 electione
1573 2297 1613 2344 ex
1641 2269 1815 2341 Ecclesia:
1852 2288 1971 2364 postea
2004 2297 2087 2344 vero

48 2381 233 2470 praecipue
249 2375 417 2470 Episcopi
434 2379 547 2449 officia
563 2381 767 2471 intelligens
782 2393 817 2452 et
831 2403 964 2455 amans.
1092 2373 1176 2446 huic
1205 2377 1282 2446 foro
1315 2373 1583 2461 Ecclesiastico,
1616 2374 1721 2445 etiam
1748 2375 2011 2446 controversiae
2043 2378 2088 2445 de

147 2477 224 2550 Etsi
241 2496 357 2552 autem
371 2497 506 2552 veteres
529 2507 680 2552 canones
700 2485 811 2553 multa
828 2485 1041 2554 ordinarunt
1093 2480 1331 2550 matrimoniis
1348 2481 1613 2550 commendatae
1637 2491 1739 2560 sunt,
1767 2478 1863 2570 quod
1888 2479 1984 2546 hono
2001 2501 2088 2550 con-

46 2585 88 2653 dc
104 2583 293 2670 electione,
313 2585 442 2678 quibus
456 2587 681 2675 personis,et
697 2611 849 2679 quonam
867 2589 1040 2676 graduum
1091 2583 1171 2652 silio
1198 2583 1329 2654 faottrm
1350 2585 1503 2656 ridetur.
1541 2573 1674 2672 'Saepe
1695 2581 1791 2666 enim
1811 2579 1977 2649 incidunt
2002 2604 2089 2648 con-

47 2681 251 2756 hominibos
280 2689 545 2757 concedendum
569 2689 613 2758 sit
638 2690 694 2759 ins
717 2689 953 2780 suffragandi,
986 2703 1041 2758 ta·
1091 2687 1301 2770 troversiae,
1328 2685 1365 2755 in
1383 2687 1513 2781 quihus
1531 2684 1756 2754 conscientiis
1778 2682 2086 2772 partiumconsuli

45 2813 122 2857 men
148 2789 255 2858 nobis
278 2783 346 2859 hoc
368 2787 587 2860 tutissimum
601 2792 761 2877 videtur,
785 2805 829 2862 ut
848 2793 894 2862 sit
914 2793 1039 2863 electio
1091 2789 1212 2875 debet,
1246 2789 1346 2858 cuius
1366 2791 1419 2857 rei
1440 2789 1479 2856 in
1501 2787 1581 2856 foro
1603 2787 1754 2877 proferto
1773 2809 1849 2855 non
1873 2779 2088 2858 itababetur

46 2915 146 2982 penes
162 2913 298 2961 summa
314 2891 538 2983 collegia,ut
552 2889 741 2979 hactenus,
761 2909 947 2989 postquam
964 2920 1038 2963 am·
1090 2891 1193 2963 ratio.
1245 2891 1314 2964 Sed
1332 2895 1427 2986 qnod
1443 2891 1566 2960 multis
1580 2889 1708 2959 seculis
1727 2888 1797 2958 alia
1812 2889 1960 2979 prolana
1975 2912 2086 2980 nego-

44 2995 139 3085 plera
167 3009 282 3065 essent
306 3018 429 3085 puram
452 2991 639 3085 Evangelii
669 2998 886 3067 doctrinam:
937 2993 985 3066 Et
1007 2997 1037 3066 si
1090 2995 1157 3081 tia,
1200 3009 1241 3065 ot
1268 2995 1347 3063 lites
1376 2996 1419 3064 de
1447 2993 1616 3086 pecunia,
1657 2992 1775 3062 forum
1799 2987 2085 3062 Ecclesiasticum

45 3099 123 3190 quid
142 3096 233 3165 iuris
248 3121 461 3190 quocunque
477 3099 554 3169 loco
567 3098 753 3192 Principes
766 3095 917 3183 habeut,
942 3113 984 3170 ut
1000 3101 1036 3168 id
1090 3099 1132 3166 ad
1166 3121 1202 3166 se
1231 3099 1355 3180 traxit,
1388 3112 1421 3168 et
1444 3097 1539 3190 qnod
1569 3093 1757 3165 Pontifices
1783 3095 1920 3164 fulmen
1946 3119 2086 3165 excom·
2116 3153 2121 3158 .

45 3211 184 3268 maneat
204 3199 253 3267 eis
271 3199 459 3288 integrum.
908 3241 913 3246 ·
1089 3200 1342 3270 municationis
1364 3213 1543 3270 torserunt
1566 3198 1605 3265 in
1627 3195 1878 3288 Imperatores,
1903 3199 1946 3266 ad
1971 3198 2085 3289 impe-

75 3347 80 3354 ·
138 3299 231 3372 Nam
249 3301 278 3370 si
300 3305 497 3373 revocanda
514 3317 602 3375 esset
615 3318 716 3375 retus
732 3306 970 3388 consuetudo,
997 3317 1038 3374 ut
1087 3303 1133 3370 rii
1161 3303 1469 3392 amplificationem
1491 3302 1528 3369 in
1555 3297 1676 3384 ltalia,
1707 3300 1751 3367 ad
1773 3291 2001 3370 retinendum
2029 3323 2084 3370 re-

43 3405 196 3494 populns
218 3425 280 3472 seu
296 3405 476 3496 praecipui
498 3405 567 3475 viri
591 3407 752 3476 omnium
772 3409 947 3498 graduum
962 3409 1037 3475 snl-
1087 3428 1196 3494 gnam
1229 3401 1524 3495 Neapolitanum.
1564 3415 1599 3470 et
1635 3401 1736 3494 qood
1769 3402 2085 3472 excommunicatio

44 3505 278 3594 fragarentur:
308 3507 368 3576 ille
381 3521 510 3578 mosel
527 3508 614 3578 olim
624 3533 770 3599 magnos
787 3510 959 3578 tumultus
975 3533 1035 3577 ex·
1085 3531 1159 3578 non
1181 3519 1360 3577 exercetur
1375 3507 1419 3576 ad
1434 3505 1748 3597 puniendasvagas
1763 3501 1951 3587 libidines,
1978 3505 2081 3575 adnl-

45 3607 164 3677 citavit
186 3609 223 3676 in
240 3605 344 3693 Asia,
371 3610 408 3678 in
427 3609 597 3694 Graecia,
624 3625 657 3680 et
677 3613 715 3679 in
732 3609 852 3694 ltalia,
880 3625 913 3681 et
936 3635 1034 3681 nrrnc
1085 3612 1190 3698 teria,
1228 3610 1485 3680 contumaciam
1507 3607 1702 3678 inventutis
1727 3607 2001 3678 contumeliosae
2017 3610 2083 3680 ad-

44 3709 79 3776 in
96 3705 164 3778 hac
180 3711 322 3782 natione
336 3707 556 3796 horridiore,
584 3713 714 3784 maiora
731 3713 921 3783 certamina
940 3715 1035 3805 pari·
1085 3737 1207 3786 versus
1224 3727 1405 3805 parentes,
1420 3709 1657 3803 Epicuraenm
1675 3722 1893 3779 contemtum
1908 3706 2083 3782 Christia-

43 3823 142 3880 tnrns
160 3825 257 3886 esset.
309 3811 356 3884 Et
370 3815 399 3883 si
415 3815 561 3904 collegia
585 3809 654 3886 hoc
675 3815 857 3885 lenissimo
873 3815 1035 3902 consilio,
1086 3842 1153 3888 nac
1170 3815 1371 3900 doctrinae,
1388 3829 1424 3884 et
1432 3814 1761 3895 sacramentorum,
1774 3807 1814 3898 ¹hi
1833 3815 1964 3884 abusus
1978 3815 2081 3884 dein-

43 3937 110 4006 qno
126 3937 202 3982 non
218 3913 449 3989 labefactatur
472 3918 650 4008 fastigium
669 3931 731 3989 aut
746 3918 900 4010 dignitas
915 3919 1034 3989 cuius-
1086 3944 1165 4013 ceps
1183 3919 1332 3990 tollendi
1352 3930 1446 3986 sunt.
1488 3914 1634 3985 Utinam
1651 3915 1904 4002 gubernatores
1919 3917 2083 3987 conside-

44 4039 164 4106 quam,
187 4041 261 4086 non
284 4020 506 4112 diripiuntur
530 4043 631 4112 opes,
650 4043 730 4090 non
753 4021 948 4111 impeditur
970 4023 1033 4092 ad·
1086 4037 1225 4106 rarent,
1249 4045 1356 4114 quam
1375 4041 1514 4088 necesse
1530 4017 1575 4090 sit
1593 4031 1686 4087 recte
1704 4019 1872 4090 constitui
1883 4033 1923 4089 et
1937 4019 2082 4090 defendi

46 4117 272 4203 ministratio,
303 4123 347 4190 ad
373 4124 660 4194 reformationem
684 4126 761 4192 iure
784 4123 909 4192 divino
931 4147 1034 4216 prae·
1087 4126 1217 4196 iudicia
1241 4119 1485 4204 Ecclesiastia,
1520 4144 1609 4214 quae
1643 4123 1671 4188 si
1701 4143 1776 4189 non
1811 4123 2083 4205 constituentur,

48 4232 191 4308 ceptam,
214 4245 286 4292 non
303 4237 470 4316 poterunt
488 4226 601 4310 flecti,
622 4237 661 4296 nt
678 4224 934 4312 existimamus,
951 4227 1034 4320 quia
1086 4239 1279 4323 sequentur
1296 4226 1408 4296 multo
1424 4222 1597 4293 tristiores
1611 4245 1770 4307 morum,
1796 4224 2022 4318 discipliuae,
2048 4240 2081 4296 et

44 4318 153 4391 maior
168 4348 248 4415 pars
264 4320 371 4397 habet
386 4353 465 4398 cum
483 4328 622 4398 inscitia
637 4341 672 4399 et
686 4328 866 4420 impietate
883 4330 1035 4399 coniun-
1086 4331 1268 4402 doctrinae
1284 4328 1521 4400 confusiones.

40 4431 127 4492 ctam
151 4427 398 4516 pertinaciam,
424 4443 464 4501 ut
479 4427 638 4515 Pharao,
661 4443 694 4500 et
712 4426 853 4512 ludaei,
879 4430 1034 4503 etmulti
1189 4431 1242 4502 Ac
1265 4431 1421 4523 primurn
1454 4429 1570 4498 sciunt
1599 4453 1721 4498 omnes
1750 4431 1890 4520 negotia
1922 4430 2078 4519 coniugii

38 4540 121 4597 sunt
146 4530 260 4620 palam
275 4527 482 4622 Epicuraei,
508 4534 571 4626 qui
597 4535 726 4604 mentis
749 4535 923 4605 iudicium
944 4535 1033 4602 ami·
1085 4557 1249 4626 magnam
1275 4546 1410 4625 partem
1435 4553 1509 4600 esse
1531 4532 1622 4601 vitae
1646 4527 1840 4614 humanae,
1866 4545 1901 4602 et
1924 4533 2081 4602 incidere

37 4643 162 4700 serunt
182 4647 327 4724 propter
354 4634 523 4708 libidines
549 4651 584 4708 et
606 4639 757 4706 ferocem
781 4634 851 4706 Dei
874 4650 1034 4707 contem·
1085 4651 1156 4710 tam
1185 4637 1316 4708 multas
1339 4650 1374 4707 et
1396 4635 1512 4704 varias
1535 4634 1813 4717 controversias,
1839 4649 1878 4704 ut
1893 4637 1936 4702 ad
1956 4636 2080 4724 cogni-

36 4741 129 4800 tum:
166 4729 312 4820 Quanto
333 4738 454 4808 minus
476 4739 664 4811 flectentur
683 4740 726 4808 ad
744 4739 1031 4810 reformationem
1083 4740 1217 4813 tionem
1237 4739 1460 4830 negotiorum
1476 4737 1716 4828 coniugalium
1732 4759 1821 4827 opus
1843 4737 1887 4804 sit
1909 4737 2079 4827 peculiari

36 4835 308 4928 praescriptam,
340 4839 377 4909 in
399 4842 579 4914 veteribus
604 4841 820 4927 canonibus,
854 4867 943 4938 quae
966 4844 1033 4912 im·
1085 4843 1237 4926 iudicio,
1261 4865 1321 4912 seu
1338 4841 1509 4935 peculiari
1529 4841 1671 4910 cloccaria
1686 4839 1855 4909 indicum.
1901 4836 1977 4908 Nec
2003 4839 2077 4910 lieri

34 4937 132 5024 peria
152 4937 303 5030 eriperet
322 4956 357 5013 et
375 4943 589 5014 diminueret
605 4941 712 5033 opes?
1084 4960 1209 5036 potest,
1227 4960 1267 5014 nt
1283 4945 1414 5034 singuli
1431 4959 1587 5034 pastores
1603 4943 1640 5010 in
1654 4937 1823 5011 Ecclesiis
1840 4953 1979 5012 tantum
1995 4965 2078 5013 eru-

138 5037 179 5110 Si
196 5055 312 5112 antem
331 5041 502 5139 Episcopi
517 5059 551 5117 et
565 5043 739 5117 Canonici
753 5067 897 5116 manere
915 5042 1033 5119 hostes
1084 5049 1232 5118 ditionis
1259 5060 1293 5118 et
1313 5046 1437 5116 indicii
1464 5039 1637 5127 habeant,
1670 5057 1712 5113 nt
1731 5036 1794 5112 has
1819 5045 2078 5136 controversias

33 5133 247 5230 Evangelii,
279 5160 313 5216 et
337 5149 535 5238 parricidae
556 5161 649 5220 recte
672 5146 877 5218 docentium
900 5149 1033 5233 volent,
1084 5150 1384 5221 rectediindicarc
1398 5146 1545 5240 possint.
1573 5144 1789 5236 Saepeenim
1806 5147 1894 5216 adeo
1908 5147 2079 5216 obscurae

32 5239 126 5313 sicut
147 5244 293 5318 fuerunt
312 5241 502 5336 hactenus,
529 5249 858 5321 commendabimus
873 5247 950 5320 Deo
976 5253 1033 5320 in·
1084 5265 1119 5321 et
1135 5252 1319 5322 intricatae
1334 5273 1476 5321 caussae
1490 5259 1592 5330 sunt,
1616 5262 1657 5318 ut
1679 5248 1784 5316 etiam
1801 5248 1914 5320 doctis
1932 5265 1967 5320 et
1983 5251 2076 5342 peri-

32 5343 168 5414 dicium
202 5361 238 5418 et
269 5343 336 5420 hae
371 5352 645 5445 compositiones
678 5353 806 5424 frustra
838 5365 1032 5427 tentantur.
1084 5355 1131 5424 tis
1156 5354 1300 5424 difficile
1324 5355 1372 5424 sit
1391 5351 1637 5445 pronunciare.
1699 5347 1784 5428 ldeo
1805 5373 1944 5422 necesse
1966 5367 2017 5422 est
2039 5353 2076 5422 in

31 5441 115 5515 Non
140 5449 233 5518 enim
257 5449 408 5522 abiicere
428 5455 683 5526 confessionem
700 5477 803 5528 verse
818 5455 1032 5526 necessariae
1084 5457 1190 5526 certis
1206 5455 1293 5526 locis
1306 5451 1518 5547 opportunis
1533 5447 1796 5546 fpraecipuis'2
1814 5455 1858 5524 ad
1874 5479 1965 5548 quae
1981 5479 2078 5528 acce·

32 5559 67 5617 et
89 5549 254 5623 salutaris
274 5554 456 5627 doctrinae
481 5554 592 5628 aDeo
616 5557 785 5643 traditae,
811 5572 846 5630 et
860 5557 1032 5650 sangnine
1085 5560 1167 5629 dere
1183 5552 1346 5626 homines
1367 5558 1444 5628 sine
1467 5554 1603 5646 magnis
1622 5556 1824 5648 sumptibus
1846 5571 2012 5648 possunt,
2038 5557 2075 5624 in

1316 1106 1379 1180 De
1405 1106 1555 1191 iudiciis
1582 1105 1867 1186 Ecclesiasticis.
