4864 6244
75 361 194 437 017.
649 343 1083 426 EPISTOLARUM
1140 343 1345 423 Ll‘Bth.
1399 343 1530 425 talo.
1808 451 1814 462 „
1874 421 1878 433 ,
2038 345 2114 420 818

72 550 170 629 ptam
185 557 258 604 esse
274 543 308 604 et
321 521 588 623 philosophice,
605 525 665 594 sed
683 523 898 614 scripsissem
912 519 1068 603 uberius,
1117 531 1151 588 et
1171 519 1217 586 de
1238 518 1333 588 vitae
1355 519 1559 605 doctrinae,
1584 519 1657 590 imo
1680 518 1786 590 etiam
1801 521 1845 590 de
1866 519 1930 592 illo
1946 519 2023 612 ipso
2043 521 2110 592 do-

72 639 145 708 nisi
163 633 230 708 boc
245 636 312 704 iter
328 631 495 722 abrumpi
516 622 719 700 inchoatam
734 625 918 696 materiam
935 621 1069 712 coagis-
1116 620 1251 690 ctrinae
1266 641 1412 708 genere,
1433 621 1473 690 in
1488 645 1610 714 quose
1626 623 1731 706 deus,
1750 636 1914 694 aeternus
1929 636 2029 714 pater
2044 625 2109 692 do·
2161 647 2166 660 ·

72 755 137 814 set.
189 736 288 808 Bene
301 735 390 810 vale.
416 735 453 810 2.
469 729 623 821 Augusti
636 723 685 823 ³).
1115 721 1207 790 mini
1239 721 1354 796 nostri
1385 721 1466 794 l'csu
1496 719 1631 796 Christi
1668 723 1867 795 illustribus
1896 723 2123 796 testimoniis.

585 831 773 937 Philippus‘
793 835 1019 914 Melanthon.
1116 823 1297 912 patefecit,
1319 847 1466 915 magnae
1480 825 1693 898 iudiciorum
1710 825 2017 897 dissimilitudines
2032 825 2111 898 sue-

1116 938 1213 999 runt.
1264 923 1384 1014 Quare
1410 930 1455 996 de
1478 929 1632 1014 artibus,
1658 951 1732 996 non
1752 951 1794 998 ex
1814 919 1975 1020 omnium
1991 950 2110 998 exem-

924 1091 1059 1104 ,ψ-
1118 1027 1186 1117 plis
1201 1029 1265 1120 qui
1289 1051 1345 1098 eas
1369 1042 1620 1110 contemnunt,
1647 1031 1708 1100 sed
1723 1053 1764 1100 cx
1783 1029 1894 1098 firmis
1909 1029 2109 1100 rationibus

1118 1142 1151 1198 et
1165 1129 1377 1199 testimoniis
1394 1131 1625 1202 iudicandum
1649 1145 1711 1206 est.
1762 1119 1816 1202 Ac
1837 1145 1876 1203 ut
1897 1135 1942 1202 de
1962 1131 2107 1203 caeteris

75 1264 145 1336 No·
157 1259 271 1336 3241·
951 1255 1008 1334 (h,
1022 1252 1069 1331 g)
1117 1232 1254 1302 artibus
1267 1257 1342 1300 non
1356 1231 1489 1318 dicam,
1513 1235 1605 1304 duae
1625 1246 1709 1305 sunt
1732 1247 1850 1324 partes
1863 1233 2044 1305 doctrinae
2065 1234 2109 1303 de

81 1359 257 1390 snm
476 1421 478 1433 .
932 1343 1069 1369 Μ
1118 1333 1238 1418 astris,
1269 1357 1421 1426 quarum
1440 1335 1549 1406 altera
1581 1335 1792 1407 certissimas
1822 1335 1914 1425 leges
1942 1350 2108 1407 motuum

447 1443 690 1557 Prattfaitb.
1118 1435 1289 1521 ostendit,
1321 1436 1430 1506 altera
1451 1432 1612 1530 μαντικὴ
1634 1461 1695 1507 seu
1717 1436 1910 1508 divinatrix
1932 1450 2108 1508 monstrat

147 1621 175 1676 D
212 1620 303 1671 tmau
331 1611 402 1666 Tam
432 1607 472 1663 w
506 1605 621 1676 (1558)
643 1625 670 1677 p.
689 1601 750 1659 Μ
776 1634 813 1645 -
848 1601 959 1656 tibrum
981 1599 1069 1672 ipsum
1118 1535 1274 1652 siderum
1298 1537 1442 1608 effectus
1462 1562 1526 1656 seu
1546 1537 1827 1657 significationes:
1877 1533 1964 1656 'Etsi
1988 1553 2106 1609 autem

178 1636 316 1742 eScclioneri
329 1645 515 1736 videre-nobis
526 1693 580 1728 nou
593 1644 717 1746 bontigit.
748 1670 977 1742 Dedimusigitut
990 1687 1068 1740 prae·
1118 1660 1218 1727 l)²'¹⁰r
1232 1661 1312 1727 l‘ffl's
1328 1663 1370 1710 εἷ
1384 1642 1580 1711 mamlesils
1595 1641 1955 1712 d²ffl⁰n³lr³¹¹⁰mbu⁸
1969 1653 2106 1710 mim·

101 1805 107 1816 .
179 1754 310 1810 tattonem
324 1768 341 1806 e
356 1746 516 1804 [tedanus
529 1743 663 1802 Melanch.
1118 1751 1173 1808 cta
1187 1751 1239 1806 est
1253 1752 1288 1809 ct
1306 1741 1497 1812 utilitatem
1512 1737 1605 1813 hanc
1618 1743 1792 1832 insignem
1808 1756 1843 1813 ct
1856 1743 2023 1814 omnibus
2038 1765 2106 1811 no-

1118 1853 1188 1910 tam
1207 1841 1382 1926 continet,
1396 1857 1437 1912 ut
1449 1846 1537 1914 anni
1554 1859 1662 1915 metas
1676 1855 1786 1916 certas
1804 1857 1837 1914 et
1851 1845 2006 1935 partium
2020 1843 2109 1912 anni

116 1899 160 1976 Ρ
156 1929 175 1974 Γ
175 1901 247 2002 Μ]
241 1909 319 1971 ⁰²⁸⁰
324 1923 384 2071 ῖς
388 1893 466 2069 1,]ἑῦ
456 1920 488 2067 nr
488 1885 691 2068 ἓείξιδῗέ
689 1915 771 2065 :3⁶:¹¹3
779 1895 1037 2062 rzf'm'wmm
1120 1942 1246 2012 iustam
1254 1943 1526 2034 descriptionem
1543 1948 1675 2018 notatis
1692 1946 1924 2039 aequinoctiis
1939 1959 1973 2017 et
1988 1945 2109 2017 solsti-

50 2233 53 2242 ,
73 2133 180 2228 Cum
198 2155 301 2226 initio
320 2139 407 2224 belli
420 2149 712 2242 Peloponnesiaci
727 2145 879 2217 Pericles
901 2148 1070 2216 instructa
1120 2144 1262 2234 superbi
1284 2162 1520 2236 aspernantur
1542 2163 1576 2218 et
1595 2149 1668 2218 suis
1684 2151 1852 2238 exemplis
1875 2151 1920 2220 ab
1932 2149 2002 2220 'illa
2026 2173 2109 2220 ern-

45 2273 49 2278 '
74 2259 217 2348 ingenti
234 2259 341 2328 classe
355 2281 376 2326 a
393 2254 512 2326 littore
526 2253 708 2324 soluturus
722 2262 830 2330 essct,
852 2249 891 2316 in
915 2250 978 2316 illo
995 2248 1071 2337 ipso
1119 2245 1289 2317 ditissima
1306 2260 1403 2337 parte
1417 2243 1662 2340 philosophiae
1684 2249 1902 2322 iuventutem
1918 2253 2111 2324 abducunt.

77 2360 233 2432 articulo
259 2358 393 2428 cumin
414 2379 514 2426 suam
530 2350 900 2434 triremem-ascendit,
925 2372 1073 2438 conspe-
1120 2345 1190 2420 Sed
1207 2342 1336 2418 horum
1359 2348 1491 2420 iudicia
1509 2351 1613 2421 etiam
1630 2351 1761 2420 divinis
1782 2351 1993 2422 testimoniis
2016 2355 2113 2422 relu-

78 2477 137 2534 cta
163 2473 216 2531 est
235 2474 332 2532 tanta
354 2458 439 2528 solis
456 2455 615 2546 eclipsis,
640 2466 681 2524 ut
700 2475 811 2544 paene
826 2453 991 2522 tenebrae
1007 2474 1073 2520 no-
1120 2461 1253 2521 tantur.
1296 2446 1386 2520 Nam
1401 2473 1481 2520 cum
1496 2452 1666 2542 scripturn
1685 2453 1745 2522 sit:
1771 2447 1826 2520 Et
1844 2459 1948 2522 erunt
1964 2447 2111 2522 Iumina

77 2578 230 2635 ctucnae
254 2561 371 2631 medio
394 2558 453 2630 die
477 2556 664 2626 existerent
693 2567 727 2624 ct
748 2554 869 2624 stellae
890 2552 1074 2644 conspice-
1121 2548 1162 2619 in
1187 2549 1319 2644 signo,
1349 2557 1531 2649 temporo,
1564 2548 1641 2623 dies
1670 2563 1701 2628 et
1724 2577 1863 2636 annos,
1896 2554 2113 2647 praecipitur

76 2679 218 2738 rentur.
271 2645 431 2752 Territus
454 2658 562 2750 igitur
582 2671 751 2751 tanquam
768 2655 930 2746 prodigio
945 2656 1075 2744 guber·
1121 2667 1214 2724 certe
1225 2654 1376 2743 aspectio
1395 2669 1430 2726 et
1444 2669 1604 2726 motuum
1621 2655 1831 2730 observatio.
1880 2651 2020 2728 Omitto
2036 2680 2113 2727 cac-

76 2782 208 2851 nator,
234 2778 277 2836 ut
296 2765 434 2857 reliqua
456 2760 667 2844 multitudo,
700 2757 866 2848 navigare
889 2756 1074 2830 recusavit.
1122 2769 1218 2840 tera,
1254 2757 1297 2824 de
1320 2757 1423 2826 annis
1450 2757 1583 2842 dicam,
1615 2783 1769 2852 quornm
1797 2757 1970 2830 rationem
2001 2758 2114 2832 teneri

75 2870 154 2942 Hic
169 2867 321 2938 Pericles
341 2889 404 2936 seu
419 2887 502 2933 vere
517 2873 748 2933 contemnens
761 2873 936 2930 astrorum
950 2859 1076 2942 minas,
1123 2859 1208 2928 deus
1226 2857 1357 2944 voluit,
1381 2881 1426 2930 ne
1439 2875 1534 2931 retro
1552 2861 1745 2950 cogitantes
1762 2861 1861 2932 nulla
1878 2883 1997 2932 rerum
2012 2861 2116 2931 initia

78 2997 147 3042 scu
174 2971 346 3040 simulans
367 2965 620 3049 constantiam,
652 2987 696 3032 ne
719 2962 975 3053 languefaceret
996 2959 1076 3029 ani-
1124 2959 1338 3030 constituere
1359 2983 1550 3050 possemus.
1603 2961 1729 3034 Voluit
1749 2963 1850 3044 sciri,
1876 2987 1966 3056 quae
1982 2963 2116 3034 doctri-

77 3097 164 3146 mos
180 3073 352 3154 militum,
369 3069 480 3163 pallio
496 3089 561 3138 suo
576 3065 664 3136 texit
676 3057 922 3154 gubernatoris
938 3062 1075 3148 oculos;
1124 3086 1171 3132 na
1186 3061 1343 3152 primum
1358 3065 1509 3134 revelata
1532 3065 1595 3146 sit,
1621 3089 1692 3157 quo
1716 3065 1843 3136 ordine
1863 3063 2115 3157 promissiones

78 3203 122 3249 ac
141 3177 249 3268 paulo
267 3187 349 3268 post
365 3184 500 3242 remoto
516 3167 642 3262 pallio,
667 3167 879 3257 interrogat,
905 3191 991 3236 num
1009 3189 1077 3256 pu·
1124 3178 1335 3256 propagatae
1361 3165 1450 3251 sint;
1485 3165 1598 3235 voluit
1624 3167 1707 3236 sciri
1725 3179 1892 3256 tempus,
1922 3191 1993 3260 quo
2021 3166 2116 3240 iilius

77 3295 133 3352 tet
159 3277 294 3372 aliquid
319 3273 503 3368 portendi,
539 3273 634 3366 quod
657 3269 753 3340 oculi
775 3271 899 3356 exiguo
920 3282 1076 3356 tempore
1126 3265 1300 3336 mediator
1316 3266 1440 3336 missus
1457 3281 1526 3353 est,
1547 3267 1701 3360 denique
1716 3268 1941 3338 manifestum
1954 3268 2117 3340 omnium

78 3381 170 3453 tecti
186 3379 337 3463 luerint,
363 3401 426 3446 uec
441 3389 558 3446 tamen
578 3369 662 3441 laesi
678 3370 774 3440 sint?
821 3367 914 3438 Cum
930 3391 1077 3458 respon·
1125 3363 1354 3436 historiarum
1373 3368 1413 3438 in
1436 3369 1506 3440 rita
1525 3369 1648 3438 lumen
1671 3391 1742 3438 esse
1761 3383 1960 3460 temporum
1976 3369 2113 3439 seriem.

76 3467 196 3554 disset
210 3483 427 3572 gubernator
439 3478 482 3544 de
495 3473 625 3566 pallio,
649 3467 744 3540 nibil
764 3471 848 3538 mali
863 3493 954 3554 esse,
981 3469 1075 3564 quod
1125 3466 1221 3536 Haec
1240 3468 1270 3535 si
1283 3491 1429 3558 magna,
1455 3484 1489 3541 et
1504 3471 1610 3559 digna
1628 3471 1910 3541 consideratione
1929 3465 2117 3542 bominum

77 3583 237 3678 pallium
264 3578 441 3670 paulisper
461 3573 894 3652 admotumessetoculis‚
922 3571 988 3656 ita,
1020 3571 1078 3638 in·
1125 3569 1306 3654 ducimus,
1346 3593 1570 3666 nequaquam
1604 3573 1826 3664 aspernanda
1858 3573 1924 3643 erit
1953 3589 2116 3646 motuum

78 3687 169 3782 quit
185 3681 355 3764 Pericles,
379 3701 446 3746 uec
468 3676 538 3745 soli
560 3688 621 3744 atrt
641 3686 788 3743 naturae
808 3697 926 3744 rerum
942 3673 1076 3766 aliquid
1126 3671 1299 3741 doctrina.

77 3785 177 3858 mali
193 3784 465 3866 accidisse,·aut
482 3777 671 3866 significari
687 3789 808 3867 putes,
834 3775 970 3846 etiamsi
994 3774 1078 3846 luna
1228 3771 1445 3868 Quanquam
1472 3799 1535 3866 ego
1556 3776 1699 3870 quidem
1724 3777 1844 3848 nullos
1869 3800 2027 3871 unquam
2046 3771 2119 3870 Cy-

76 3893 121 3960 in
143 3909 228 3956 cum
246 3886 430 3954 incurrens
443 3881 623 3974 paulisper
636 3892 859 3970 conspectum
877 3871 1081 3946 eiushomi-
1129 3874 1245 3965 clopes
1279 3891 1350 3947 tam
1375 3877 1469 3947 seros
1496 3877 1602 3946 fuisse
1629 3892 1736 3969 puto,
1766 3903 1882 3972 neque
1910 3880 2020 3949 ullam
2046 3891 2117 3948 tam
2158 3948 2163 3958 ,

78 3994 201 4064 nibus
216 3985 418 4067 ademisset,
443 4007 482 4052 ac
500 3982 636 4052 solvere
652 3981 750 4050 iubet
765 3993 800 4049 et
814 3977 948 4050 bellum
967 3977 1082 4049 Grae-
1130 3971 1313 4047 horridam
1329 3977 1547 4066 barbariem,
1572 4003 1661 4071 quae
1677 4003 1750 4048 non
1763 3981 1937 4050 mensium
1955 3993 1988 4050 et
2005 4001 2119 4049 anno-

80 4099 165 4167 ciae
188 4091 336 4171 inserte,
367 4084 506 4157 exitiale
528 4085 683 4174 primum
707 4081 859 4174 patriae,
889 4080 1019 4152 deinde
1047 4093 1084 4150 et
1132 4103 1209 4148 rum
1235 4078 1420 4149 intervalla
1447 4091 1481 4148 et
1503 4081 1612 4171 spatia
1632 4083 1762 4152 notarit
1781 4094 1815 4151 et
1831 4081 2027 4174 posteritati
2046 4094 2120 4152 tra-

80 4197 278 4270 nniversae
292 4189 448 4281 reliquae
466 4184 646 4257 Graeciae.
682 4179 1084 4275 Opinorautem,mul-
1132 4181 1273 4251 diderit.
1324 4177 1585 4272 Turpissimum
1603 4195 1653 4251 est
1669 4183 1777 4273 igitur
1790 4184 1875 4254 viris
1891 4183 2025 4270 doctis,
2057 4181 2121 4276 qui

83 4319 144 4374 tos
170 4318 262 4376 csse,
288 4291 350 4386 qui
372 4291 520 4359 laudent
541 4281 608 4355 hoc
632 4285 803 4355 iudicium
828 4283 998 4366 Periclis,
1023 4285 1081 4352 sed
1132 4284 1175 4352 ad
1194 4282 1430 4371 gubernacula
1449 4283 1661 4374 reipublicae
1677 4287 1820 4367 sedent,
1843 4281 1906 4356 bas
1920 4299 2012 4356 artes
2026 4285 2146 4355 vitu-'

83 4399 203 4473 nimis
220 4395 334 4468 tristes
356 4412 487 4483 poenas
500 4388 663 4474 universa
682 4385 832 4458 Graecia
855 4381 963 4486 huius
976 4387 1085 4455 auda·
1134 4407 1274 4476 pecare,
1306 4396 1340 4454 et
1364 4385 1409 4452 ab
1433 4407 1553 4454 earnm
1577 4386 1704 4470 studiis
1728 4387 1822 4458 bona
1845 4387 1986 4478 ingenia
2006 4383 2122 4455 abdu-

79 4500 222 4576 cpssimi
239 4495 363 4566 judicii
380 4493 489 4564 dedit,
1134 4509 1225 4554 cere:
1250 4507 1330 4554 cum
1343 4486 1485 4577 quidem
1502 4487 1576 4578 ipsa
1590 4489 1686 4558 curia
1702 4489 1740 4557 in
1757 4489 1988 4571 maximarum
2002 4509 2121 4556 rerum

195 4613 357 4705 Cumque
381 4609 540 4678 omnium
567 4606 767 4676 seculorum
797 4605 964 4696 exemplis
990 4627 1086 4675 com.
1134 4585 1469 4668 deliberationibus,
1512 4589 1653 4660 iudiciis
1681 4603 1715 4686 et
1735 4591 1855 4660 multis
1881 4590 1951 4658 sori
1972 4587 2122 4677 negotiis

81 4735 235 4816 pereum
263 4715 323 4797 sit,
349 4735 404 4782 res
426 4711 542 4781 tristes
566 4733 606 4776 ac
628 4708 784 4798 insigues
800 4707 1001 4791 civitatum,
1025 4721 1086 4778 aut
1134 4687 1293 4783 quotidie
1308 4689 1352 4759 de
1367 4689 1519 4760 utilitate
1534 4693 1715 4764 doctrinae
1736 4693 1780 4762 de
1795 4691 1931 4762 ratione
1945 4711 2122 4782 annorum

80 4839 286 4914 regnorum
303 4814 443 4894 ruinas,
470 4809 570 4906 qnasi
585 4809 794 4878 denunciari
813 4810 992 4878 luminum
1007 4832 1085 4878 coe·
1134 4791 1332 4865 admoneat.

81 4925 237 4998 lestinm
252 4917 464 5000 defectibus,
488 4937 548 4982 seu
564 4909 825 4980 obscuratione:
851 4909 956 4980 ierrci
976 4907 1087 4980 animi
1177 4926 1185 4940 ‘
1235 4889 2151 4990 cassetum1³0¹¹³tM¹¹⁸³¹¹lt³sUsihimenlllllittcrtt‚¹
2192 4969 2198 4980 ,

82 5043 159 5112 est,
200 5017 474 5111 significationes
495 5013 668 5082 divinitus
697 5011 735 5080 in
757 5013 1088 5084 natura'ordinatas
1136 5017 1225 5086 (luae
1249 4997 1362 5066 ”mim
1384 4997 1499 5065 malm
1518 5009 1585 5081 0⁵1,
1613 5019 1717 5088 quam
1739 5011 1778 5067 ut
1798 4995 1907 5065 ullius
1923 4993 2124 5088 eloquentia

84 5125 249 5222 superbe
271 5123 387 5192 ridere
403 5131 508 5209 atque
523 5126 759 5186 contemnere.
809 5111 956 5204 Semper
971 5127 1088 5185 autem
1138 5119 1200 5187 pro
1224 5095 1395 5186 dignitate
1418 5097 1620 5188 praedicare
1651 5097 1779 5191 possit,
1811 5121 1852 5166 ex
1875 5091 1942 5166 bac
1964 5093 2125 5166 doctrina

85 5257 177 5304 cum
207 5227 251 5295 dc
268 5219 413 5294 cacteris
436 5217 588 5300 artibus,
613 5239 704 5309 quae
723 5214 836 5283 literis
851 5215 1090 5302 continentur,
1136 5209 1318 5286 “limma
1345 5211 1462 5268 lamen
1493 5198 1597 5268 ellam
1622 5221 1664 5268 00
1691 5197 1941 5270 certitudinem
1963 5211 2126 5268 motuum

1138 5298 1382 5380 considerant,
1407 5299 1507 5370 utin
1529 5299 1708 5370 mentibus
1728 5294 1904 5370 suishanc
1916 5295 2127 5368 sententiam

1138 5401 1363 5471 confirment:
1397 5423 1494 5470 nunc
1518 5403 1691 5470 mundum
1717 5395 1751 5472 ct
1773 5395 1865 5472 hanc
1884 5411 2128 5470 totamrerum

123 5543 158 5610 s)
180 5532 244 5591 Atta
263 5547 361 5586 nanos
374 5525 529 5598 stampato
546 5543 619 5582 anuo
633 5527 710 5582 154⁵.
1138 5513 1302 5572 naturam
1327 5525 1402 5572 non
1426 5525 1508 5572 casu
1528 5515 1641 5574 ortam
1665 5525 1757 5590 esse,
1783 5514 1844 5574 aut
1860 5500 1977 5592 volvi,
2001 5501 2063 5572 sed
2085 5498 2132 5570 ab

86 5651 279 5718 Mensura.
295 5639 400 5708 ona.
425 5634 510 5704 Vos.
523 5634 567 5702 V.
1313 5629 1364 5706 52

86 5408 309 5432 Μ

1119 2045 1177 2114 tiis
1198 2055 1393 2114 teneamus:
1429 2059 1548 2116 tamen
1569 2071 1644 2117 eam
1667 2049 1772 2119 multi
1794 2062 1854 2118 aut
1874 2049 2013 2130 stolidi,
2047 2059 2108 2120 aut
2226 2128 2233 2137 ,
