4890 6250
6 3541 7 3552 ¹
130 3541 244 3620 pecto.

1052 1379 1075 1462 1
1095 1373 1131 1461 5
1140 1367 1235 1460 4'3..

128 1650 188 1723 No.
204 1645 318 1722 2612.
807 1621 808 1630 ἵ
997 1629 1108 1702 1.lan.
1169 1623 1262 1717 quod
1287 1619 1410 1690 eodem
1433 1615 1491 1686 die
1516 1615 1592 1686 tuas
1610 1614 1729 1683 literas
1744 1611 1860 1704 accepi
1877 1613 1921 1682 de
1934 1608 2162 1708 {lieronymo

133 1743 306 1778 *Α*
984 1727 1117 1810 Ψ*
1177 1715 1343 1813 Wolfio,
1383 1741 1470 1814 quas
1497 1716 1654 1808 primum
1682 1713 1784 1784 reddi
1810 1713 1966 1788 voluisti.
2023 1712 2162 1788 Eodem

432 1822 478 1912 V
474 1827 536 1909 ilo
569 1813 807 1906 Theodoro.
1170 1825 1227 1896 die
1250 1824 1434 1892 uobiscum
1456 1817 1526 1890 luit
1542 1813 1702 1887 Iacobus
1716 1808 1918 1886 Lemonius
1932 1809 2096 1902 Rhetus,
2124 1820 2163 1886 id

262 2010 350 2084 Epm.
366 2007 413 2064 tib.
428 2004 474 2061 w·
492 2022 519 2076 p.
535 2001 584 2058 166
595 2017 636 2072 eq.
1170 1942 1221 1998 est
1235 1923 1438 2012 Curiensis,
1471 1919 1655 2003 Medicus,
1686 1919 1742 1986 vir
1756 1921 1881 1988 doctus
1899 1932 1934 1990 et
1949 1943 2023 1989 non
2047 1921 2163 1991 solum

1170 2021 1433 2120 Philosophiae,
1460 2023 1521 2093 sed
1537 2021 1642 2092 etiam
1651 2017 1821 2091 Coclestis
1836 2021 2017 2091 doctrinae
2032 2045 2164 2106 amans,

424 2159 538 2238 Vno
568 2149 831 2231 Theodoro,
1171 2130 1233 2224 qui
1252 2127 1440 2200 comitatus
1460 2123 1528 2195 tuit
1543 2121 1679 2194 Ducem
1697 2120 1951 2193 Saronicarum
1969 2124 2164 2215 copiarum,

1170 2230 1228 2302 cui
1243 2253 1374 2300 nomen
1391 2240 1443 2298 est
1458 2247 1484 2296 a
1500 2218 1602 2318 Isser
1617 2222 1656 2292 in
1670 2221 1887 2296 Pannonias.
1939 2221 1974 2294 ls
1990 2225 2072 2318 quia
2087 2223 2165 2295 No-

1170 2333 1330 2423 ribergae
1354 2332 1477 2402 doctos
1498 2326 1607 2398 Viros
1629 2325 1783 2396 salutare
1809 2324 1992 2416 cupiebat,
2028 2326 2166 2418 petivit,

1169 2449 1210 2506 ut
1234 2457 1270 2504 se
1291 2432 1357 2505 tibi
1382 2430 1678 2504 commendarem.
1739 2424 1834 2510 Scis,
1863 2425 1914 2494 mi
1941 2422 1981 2499 V
1980 2427 2047 2507 ite,
2078 2423 2166 2508 τοὺς

1171 2529 1302 2632 φίλους
1315 2527 1476 2626 μάλιστα
1491 2535 1570 2604 τῶν
1586 2523 1708 2626 φίλων
1722 2521 1873 2608 κοινοὺς
1887 2521 1993 2600 εἶναι.
2045 2526 2166 2618 Quare

1171 2652 1206 2708 te
1228 2659 1332 2728 rogo,
1365 2649 1407 2707 ut
1422 2634 1552 2706 Virum
1574 2633 1721 2702 doctum
1744 2642 1779 2701 et
1798 2625 1989 2702 honestum
2010 2631 2167 2722 comple-

182 2329 243 2375 um
267 2302 309 2372 in
328 2299 416 2394 ipsis
430 2294 598 2370 Calendis
620 2289 794 2364 lanuariis
814 2281 908 2359 hanc
922 2278 1122 2376 Epistolam

130 2406 338 2488 scriberem,
368 2389 630 2498 εὐφημότατον
652 2392 769 2464 visum
793 2403 862 2478 cst,
901 2385 1007 2457 initio
1031 2383 1122 2454 bene

129 2505 266 2600 precari
281 2501 459 2576 Ecclesiae
477 2514 511 2572 et
523 2495 630 2590 Reip.
671 2492 795 2588 ltaque
810 2504 886 2562 toto
900 2501 1042 2581 pectore
1057 2509 1121 2555 oro

128 2609 265 2693 Deum,
289 2603 432 2676 Patrem
447 2597 666 2674 Liberatoris
677 2593 793 2668 nostri
811 2591 892 2665 lesu
904 2585 1060 2676 Christi,
1081 2601 1123 2659 ut

47 2751 52 2758 ·
128 2715 188 2784 det
202 2732 338 2782 annum
353 2707 508 2778 faustum
526 2701 684 2786 felicem,
714 2693 948 2790 tranquillum
964 2677 1123 2763 Univer-

1081 2790 1104 2809 ..
1172 2740 1294 2819 ctaris,
1319 2738 1535 2808 addoctiam
1551 2731 1747 2805 Medicum.
1797 2727 1888 2800 Nam
1907 2732 1937 2800 is
1953 2734 2041 2804 ordo
2062 2732 2168 2801 nobis

1171 2855 1316 2932 propter
1329 2832 1597 2930 Philosophiam
1613 2856 1752 2925 semper
1764 2833 2074 2904 coniunctissimus
2087 2834 2168 2906 fuit.

227 3012 416 3088 Danielem
438 3009 506 3082 tibi
526 3009 649 3094 mitto,
677 3017 720 3076 ut
739 3001 869 3074 addam
893 2996 1006 3088 veteri
1025 3019 1124 3066 more
1170 2941 1269 3013 Bene
1285 2941 1374 3013 νὼ·
1425 2939 1503 3016 Cal·
1519 2935 1660 3008 Ianum·
1737 2981 1777 3071 .,
2237 3011 2240 3024 .

1678 3046 1870 3146 Philippus
1890 3049 2119 3129 Melanthum

128 2838 186 2888 sae
209 2807 390 2884 Ecclesiae
414 2831 516 2892 suae,
554 2801 622 2875 tibi
643 2816 679 2872 et
700 2797 858 2870 familiae
880 2811 980 2880 tuae,
1021 2807 1055 2864 et
1080 2815 1123 2860 ns

128 2915 312 3010 gentibus,
339 2932 430 3006 quae
444 2903 641 3002 hospitium
657 2901 827 2997 praebent
842 2893 1022 2970 Ecclesiis.

128 3115 287 3204 xenium,
309 3135 520 3197 necmoror,
544 3107 681 3182 etiamsi
697 3102 860 3176 dissentit
873 3099 1017 3189 Collega
1029 3110 1123 3170 tuus.

130 3221 248 3292 Velim
264 3241 349 3289 sane
372 3239 453 3288 eum
478 3213 634 3306 proferre
654 3206 802 3277 meliora
826 3218 861 3275 et
882 3197 1124 3298 ἀκριβέστερα

130 3325 173 3394 dc
190 3319 440 3412 supputatione
455 3309 737 3396 hebdomadum,
763 3304 900 3378 etiamsi
914 3316 1035 3374 nostra
1050 3325 1123 3371 non

131 3423 323 3496 admodum
344 3419 486 3518 spinosa
510 3430 573 3492 cst.
629 3411 700 3486 Sed
730 3421 833 3481 tuum
861 3403 1035 3476 iudicium
1058 3426 1121 3505 xex·
1173 3423 1241 3496 No·
1257 3417 1372 3497 2614·
1920 3371 1931 3390 ⁴
2048 3431 2076 3490 1·
2095 3419 2158 3486 hu·

1180 3517 1352 3550 m
2032 3513 2170 3539 Μ

234 3621 308 3698 Res
319 3619 481 3710 Belgicae
489 3611 584 3688 tnibi
598 3610 799 3706 displicent
849 3605 920 3680 Sed
934 3605 1032 3678 orbis
1053 3619 1126 3678 ter·
1320 3591 1554 3710 Praefatio
1581 3603 1627 3683 ἰη
1652 3591 1825 3706 Stifilii
1852 3600 2024 3686 arithm,

407 3723 416 3739 ·
756 3711 769 3748 τ

133 3751 253 3799 samm
273 3727 345 3796 ΜΟ
370 3723 491 3816 ³l¹qu⁰
513 3730 670 3810 urgetur'
735 3711 810 3784 hos
831 3707 949 3782 Deum
972 3730 1126 3793 oremus’
1244 3786 1283 3842 Er
1303 3783 1396 3839 libros
1425 3778 1605 3836 Aritbmetica
1620 3777 1737 3851 integra.
1774 3779 1894 3834 Auctore
1911 3773 2047 3832 manete
2065 3775 2175 3846 Stlselio

131 3849 700 4024 stt,
763 3801 1128 3885 Ε

930 3963 940 3986 0
1301 3941 1347 3996 ppt
1394 3938 1454 3977 ean
1491 3917 1591 3972 thonas.
1626 3915 1823 3989 Nonmbergae
1838 3913 1916 3970 1548.
1933 3917 1959 3969 t.

132 4055 221 4128 quas
236 4031 365 4102 inclusi
380 4029 470 4110 tuis,
491 4019 617 4096 exhibe
630 4018 676 4095 D.
686 4009 903 4091 Francisco.
927 4011 1025 4083 Bene
1039 4013 1127 4088 vale.
1397 4077 1405 4096 ‚

1263 4075 1528 4179 Philippus
1555 4068 1847 4148 Melanthea
1873 4067 2024 4146 Lectori
2049 4071 2089 4146 S.

131 4131 208 4210 Cal.
222 4131 392 4206 Ianuarii.
420 4125 529 4204 1648.
640 4135 643 4148 '

408 4273 422 4286 .
644 4234 834 4330 philippus
850 4227 1076 4308 Melanthon,
1175 4196 1288 4302 Non,
1312 4212 1405 4288 mihi
1425 4215 1456 4288 si
1470 4214 1614 4310 linguae
1631 4227 1772 4284 centum
1788 4213 1861 4284 sint
1876 4219 2007 4306 oraque
2023 4225 2176 4296 centum,

664 4419 668 4435 .
1178 4343 1386 4393 enumerare
1401 4341 1558 4412 possem,
1589 4315 1837 4410 quammultis
1854 4313 2012 4384 inrebus
2032 4337 2116 4384 usus
2132 4315 2178 4385 sit

142 4451 1124 4538 *w
1178 4446 1423 4495 numerorum.
1471 4415 1520 4492 Et
1539 4419 1588 4490 ita
1610 4430 1695 4488 sunt
1717 4415 1756 4486 in
1779 4431 1969 4509 conspectu
1990 4429 2094 4512 atque
2110 4417 2178 4488 ob-

1174 4525 1258 4596 ¹riae
1280 4524 1453 4596 utilitates
1476 4545 1552 4592 non
1575 4519 1691 4590 solum
1714 4541 1946 4590 numerorum
1979 4517 2178 4588 sedetiam

137 4639 202 4714 No.
216 4635 332 4715 2613.
639 4655 645 4666 ’
1006 4617 1117 4690 blm·
1180 4626 1284 4712 artis,
1316 4649 1406 4718 quae
1429 4625 1552 4715 longas
1575 4635 1610 4693 et
1632 4620 1820 4692 intricatas
1842 4619 1998 4690 rationes
2022 4617 2179 4689 mirabili

144 4735 315 4768 *Ν
606 4743 634 4832 .'
994 4715 1130 4764 Ἃ
1181 4727 1387 4800 dexteritate
1401 4725 1568 4796 subducit
1582 4735 1616 4792 et
1630 4722 1789 4816 explicat,
1805 4734 1846 4792 ut
1859 4721 2036 4790 neminem
2051 4744 2178 4813 quarn-

552 4809 722 4896 Eldem·
1180 4831 1270 4900 libet
1285 4823 1449 4898 hebetem
1469 4848 1543 4895 esse
1565 4824 1782 4910 existimem,
1816 4823 1881 4916 qui·
1901 4845 1976 4894 non
1999 4835 2033 4892 ct
2053 4845 2180 4892 nume-

744 4943 748 4950 ’
1181 4955 1241 5002 ros
1254 4929 1404 5000 miretur
1418 4940 1454 4998 et
1469 4925 1512 4997 de
1526 4939 1601 4996 arte
1614 4927 1689 5018 ipsa
1703 4925 1881 5018 praeclare
1895 4924 2032 4994 sentiat.
2058 4921 2180 5014 Quare

1183 5033 1213 5103 si
1236 5030 1414 5124 prolixum
1437 5026 1638 5098 encomium
1654 5029 1698 5097 de
1712 5021 1769 5096 his
1787 5026 1999 5099 utilitatibus
2016 5025 2180 5096 institue·

441 5147 487 5226 V
489 5146 505 5221 ἶ
511 5157 557 5222 2⁰
581 5136 839 5220 Theodoto·
1183 5159 1276 5220 rem,
1308 5131 1457 5224 perinde
1472 5129 1624 5198 lacerem
1647 5141 1685 5198 ut
1696 5123 1722 5222 ¹)
1741 5127 1771 5196 si
1786 5131 2031 5221 accenderem,
2057 5151 2182 5220 quem.

141 5279 420 5396 Εὐφημότερον
437 5277 548 5358 οὐδέν
567 5281 668 5356 ἔστιν
684 5273 860 5372 εὐσεβοῦς
877 5263 1002 5366 φίλου.
1053 5259 1136 5336 Uti·
1184 5235 1377 5308 ³d¹¹¹⁰d¹¹m
1389 5229 1667 5316 Gfflcldifflssl,
1690 5227 1787 5320 ἕντῖ
1800 5221 2178 5324 μεσμηβρίᾳλύχγον.

142 5426 224 5472 narn
241 5396 351 5496 igitur
372 5390 418 5461 sit
438 5409 544 5458 omen
564 5384 669 5467 felix,
701 5379 798 5474 quod
821 5371 929 5446 hodie
952 5368 1009 5440 bis
1030 5367 1074 5438 ad
1100 5382 1136 5440 te
1190 5401 1391 5423 ----

143 5503 278 5604 sqribo,
309 5517 375 5566 nee
396 5491 469 5563 ulla
494 5492 534 5558 in
555 5513 594 5558 re
615 5481 786 5556 libentius
801 5483 945 5572 operatu
960 5494 1075 5568 pono,
1101 5484 1138 5543 et
1222 5497 1250 5564 1)
1269 5490 1321 5548 „a
1352 5557 1407 5632 1.

289 4990 671 5086 mmmmpmm
