4842 6256
240 339 316 416 tw
799 333 1516 427 -EPlSTOLAllllM⁵IilBrlX.
1570 339 1705 425 1648.
2217 357 2293 432 lbi)
2420 400 2421 431 t

239 511 441 650 Q.
886 529 892 541 ·
1067 531 1126 594 er.
1143 521 1230 608 sept:
1291 516 1488 598 1100100.
2107 533 2287 660 Q
2420 468 2421 471 Ὺ

543 683 734 802 Georgia
758 686 948 776 mnata
1504 782 1521 798 „
1616 705 1680 799 lo.
1708 707 1960 800 Mattbesio.

316 845 517 923 rpettwt.
535 849 717 923 01ης.-
748 847 939 924 apographon
956 847 1063 910 100001.
1075 849 1242 912 storace&
1362 882 1447 957 Epist.
1468 883 1514 940 lib.
1534 885 1570 942 ll.
1588 903 1615 960 p.
1630 887 1674 944 14.
1699 887 1754 950 led.
1775 889 1862 946 bord.
1882 892 1929 948 lib.
1949 891 1984 949 ΙΙ.
2000 906 2045 965 ep.
2059 893 2123 964 11).
2139 916 2177 937 ·-
2211 895 2295 966 Αρὸ·

352 935 399 976 no.
411 917 459 974 lv·
477 937 504 994 P·
516 919 579 975 Ἀθ·
1395 955 1534 1026 graphan,
1555 957 1603 1012 sed
1627 975 1684 1012 uon
1697 957 1834 1032 integrum
1849 973 1876 1016 01
1890 963 2016 1018 desinens
2030 963 2058 1018 is
2074 963 2177 1021 rerbltt
2203 965 2295 1018 Noeris

419 1053 1070 1161 Georgio,PrincipiAata1dno.
1215 1029 1220 1032 ’
1394 1025 2242 1168 11ῗ1111111110019·000000
2261 1031 2294 1086 r.

245 1157 294 1249 S·
316 1179 362 1253 l).
413 1179 655 1252 illustrissime
667 1179 848 1273 Princeps.
895 1178 976 1252 Etsi
995 1182 1034 1250 in
1057 1181 1164 1252 tantis
1183 1195 1242 1252 tu·
1352 1193 1356 1201 ’
1783 1255 1792 1272 1
2130 1238 2133 1247 .

245 1279 422 1353 mnitibus
437 1281 690 1374 lmperiorum,
715 1298 749 1353 et
765 1285 946 1352 communi
960 1283 1150 1370 moestitia,
1172 1285 1241 1352 mi·
1498 1244 1553 1322 Β·
1576 1247 1605 1322 Ῑ
1609 1277 1631 1324 ⁰
1639 1247 1789 1326 ''W'‘
1813 1251 2028 1330 Mamm
2037 1258 2081 1332 ⁸⁹⁰

246 1407 319 1455 uus
335 1385 511 1454 delectant
526 1384 702 1456 studiosos
720 1385 860 1469 literae,
893 1398 1012 1456 tamen
1030 1409 1150 1454 earum
1169 1400 1242 1458 tra.
1290 1357 1337 1450 S·
1362 1379 1408 1456 D.
1459 1381 1586 1457 Nescio
1599 1390 1696 1458 uude
1712 1391 1892 1479 exordiar,
1923 1417 2004 1463 cum
2025 1394 2118 1478 etde
2134 1391 2296 1486 publicis

250 1487 359 1559 statio
387 1511 462 1556 uou
493 1510 638 1578 prorsus
667 1487 864 1558 omittenda
891 1500 961 1573 est,
999 1501 1078 1558 cta
1109 1487 1242 1558 divinis
1290 1481 1505 1580 motibus¹),
1546 1491 1651 1559 etde
1678 1491 1826 1582 privatis
1854 1493 1926 1565 tuis
1950 1495 2137 1567 doloribus
2162 1497 2207 1566 ad
2232 1521 2296 1568 me

249 1589 395 1684 quidem
409 1589 481 1657 iam
496 1590 625 1658 levatio
643 1592 815 1682 quaedam
831 1587 996 1660 dolorum
1011 1591 1162 1681 peteuda
1179 1604 1241 1664 est.
1292 1587 1484 1676 scripseris.
1535 1587 1606 1660 Sed
1624 1594 1911 1682 meminerimus,
1935 1619 2058 1668 omues
2073 1597 2295 1670 calamitates

249 1689 354 1763 llauc
377 1690 588 1761 seutentiam
612 1703 648 1760 et
670 1686 762 1759 mibi
787 1705 822 1762 et
845 1691 925 1762 aliis
948 1715 1050 1782 saepe
1083 1692 1153 1762 iaru
1184 1691 1241 1761 iu·
1291 1689 1454 1777 publicas
1476 1701 1510 1760 et
1532 1691 1703 1782 privatas,
1741 1719 1809 1765 uos
1829 1690 1984 1784 hortari,
2020 1710 2061 1770 ut
2079 1696 2196 1768 Deum
2219 1697 2294 1768 Pa-

248 1794 370 1878 euleu,
402 1805 438 1863 et
458 1790 619 1884 intelligo
638 1785 904 1863 Bernhardam
925 1789 1138 1888 Ziglerum,
1177 1795 1242 1865 etsi
1292 1800 1382 1860 trem
1401 1804 1582 1861 aeteruum
1595 1791 1745 1868 Domini
1760 1799 1874 1869 nostri
1891 1797 1970 1870 lesu
1984 1795 2119 1871 Christi
2141 1799 2295 1870 invoce-

248 1917 323 1968 uua
338 1895 527 1966 uobiscum
542 1897 705 1986 rempub.
722 1895 836 1984 luget,
869 1905 985 1966 tamen
1002 1892 1069 1966 hoc
1091 1893 1240 1968 consilio
1292 1915 1388 1979 mus,
1417 1893 1481 1985 qtri
1502 1915 1538 1962 se
1558 1895 1639 1968 ideo
1656 1909 1727 1969 tam
1743 1899 2172 1973 illustribus'testimouiis
2186 1915 2295 1994 pate-

247 2023 324 2068 uou
346 1999 555 2088 abrumpere
576 2019 700 2088 operas
717 1993 961 2073 scholasticas.
1011 1995 1103 2069 Cum
1124 2011 1241 2071 autem
1290 1995 1396 2080 lecit,
1429 2009 1469 2064 ut
1489 2009 1676 2070 testaretur
1690 2019 1727 2071 se
1743 2025 1809 2071 uos
1826 2003 1963 2078 curere.
2013 2001 2222 2088 Homero,
2247 2017 2294 2074 ut

248 2111 396 2198 propter
410 2095 560 2170 Scholae
583 2101 896 2185 cousuetudinem,
927 2125 1023 2170 nunc
1045 2097 1242 2171 111111οΒ0-
1292 2111 1407 2166 servet
1427 2110 1461 2168 te
1482 2111 1516 2167 et
1537 2093 1821 2172 honestissimam
1843 2107 2029 2195 coniugem
2047 2119 2157 2176 tuam.
2209 2102 2295 2176 Ab·

249 2213 410 2287 storum,
447 2214 489 2272 ut
515 2213 663 2282 vocant,
702 2204 884 2272 ornandus
911 2203 973 2288 sit;
1015 2217 1049 2272 et
1071 2204 1240 2275 usitatum
1291 2211 1391 2268 011110
1418 2199 1457 2267 111
1484 2193 1540 2268 lais
1564 2203 1769 2292 regionibns
1794 2207 1937 2278 crebros
1959 2231 2033 2276 esse
2051 2206 2293 2276 animadverti

250 2301 353 2397 sit¹)‚
392 2315 473 2396 post
499 2303 677 2394 publicam
702 2304 1008 2375 renunciationem
1037 2303 1242 2390 testimonii,
1291 2315 1437 2392 propter
1458 2299 1630 2390 frigidum
1652 2319 1795 2396 potum,
1833 2331 1938 2401 quem
1962 2309 2293 2379 0000010000ηό0-

250 2406 394 2496 collegis
418 2406 575 2475 eiusdem
597 2404 750 2492 laboris,
788 2409 832 2476 ad
861 2405 1126 2496 significandam
1155 2430 1242 2476 cou-
1291 2401 1382 2472 riam
1397 2400 1630 2486 Cererisiam,
1651 2429 1756 2500 quam
1773 2409 1848 2478 fere
1860 2410 2181 2480 bibnutmulieres.
2213 2405 2293 2480 Cu-

249 2509 470 2580 iuuetiouem
486 2507 705 2594 animorum,
727 2509 931 2579 convivium
946 2509 1139 2593 iustruere,
1163 2523 1243 2580 orat
1292 2503 1388 2576 rabis
1411 2505 1523 2595 igitur
1542 2523 1622 2576 tuae
1644 2508 1786 2602 coniugi
1807 2523 1932 2602 potum
1956 2511 2171 2602 pleniorem,
2191 2525 2226 2580 et
2244 2513 2293 2581 (10

246 2613 321 2683 'sibi
341 2611 492 2680 lerinam
514 2631 656 2678 caruem
679 2610 817 2684 donari.
874 2607 958 2681 Scio
981 2610 1089 2680 nimis
1110 2611 1242 2680 multos
1293 2601 1359 2675 hac
1380 2606 1453 2698 ipsa
1473 2629 1673 2692 causacum
1689 2605 1868 2684 Ittvevio
1884 2613 2108 2706 colloqueris.
2159 2610 2292 2682 Publi·

249 2711 319 2786 boe
334 2712 499 2784 meddin
513 2712 640 2782 vestris
653 2711 762 2806 sylvis
774 2711 914 2798 venari,
948 2713 1011 2808 qui
1028 2711 1115 2782 alibi
1135 2712 1241 2784 etiam
1293 2729 1353 2778 cos
1382 2709 1554 2779 tumultus
1581 2711 1687 2782 etiarn
1711 2709 1788 2784 Deo
1817 2720 2106 2798 commendemus
2136 2713 2292 2785 assiduis
2407 2742 2413 2767 ·

249 2813 414 2886 iuvenire
432 2814 601 2910 praedam
623 2827 778 2904 possent.
828 2812 900 2884 Sed
915 2809 1091 2902 Theologi
1112 2835 1243 2905 paucos
1292 2809 1470 2901 precibus.
1517 2809 1613 2882 Satis
1632 2812 1728 2881 enim
1752 2828 1897 2908 apparet
1918 2816 2124 2907 impendere
2144 2813 2292 2884 fatalem

249 2913 384 2988 habeut
396 2929 555 3008 potentes
567 2915 710 2984 amicos.
735 2913 827 2986 Cum
841 2927 1035 2986 matemate
1050 2926 1082 2984 et
1098 2915 1142 2985 ab
1156 2913 1244 2984 lllu-
1294 2911 1561 2980 conversionem
1590 2910 1845 3004 imperiorum,
1882 2941 1951 3012 qua
1980 2917 2085 2990 etiam
2106 2913 2292 2988 Ecclesiae

251 3019 433 3090 strissimis
447 3015 616 3086 iratribus
638 3017 728 3102 tuis,
759 3017 871 3086 amari
885 3011 1079 3086 Ecclesiam
1094 3013 1184 3101 Dei,
1209 3030 1244 3088 et
1294 3025 1327 3081 01
1343 3009 1591 3082 Academiolae
1601 3009 1631 3108 ²)
1648 3019 1929 3108 quassabantur,
1961 3019 2022 3089 sed
2045 3027 2163 3087 tamen
2184 3041 2291 3112 spem

243 3119 429 3194 Ecclesiae
444 3119 561 3190 studia
577 3119 679 3204 sciat,
711 3145 730 3189 a
753 3119 853 3189 vobis
869 3132 986 3211 petere
1002 3115 1150 3188 ferinam
1168 3142 1243 3187 nou
1293 3111 1409 3184 Deum
1423 3127 1643 3184 servaturum
1661 3137 1734 3186 esse
1752 3121 1951 3190 studiorum
1973 3115 2206 3190 bonestorum
2228 3143 2293 3188 re-

251 3221 440 3296 dubitavit.
480 3216 1088 3311 Tribuetisigiturhocbeuelicium
1103 3215 1244 3289 bomini
1293 3215 1435 3309 liquias.
1485 3213 1617 3305 Magna
1634 3219 1728 3288 sanis
1745 3213 1950 3290 bominibus
1965 3221 2160 3292 consolatio
2176 3234 2230 3291 est
2252 3221 2291 3290 in

250 3329 374 3412 docto,
400 3335 550 3395 vestram
565 3323 736 3393 familiam
752 3335 954 3394 reverenter
970 3321 1119 3406 colenti,
1149 3336 1184 3393 et
1206 3321 1243 3389 in
1295 3316 1402 3386 tantis
1424 3315 1681 3388 calamitatibus
1708 3331 1826 3391 tenere
1848 3335 1965 3392 tamen
1989 3323 2131 3392 liuuam
2151 3325 2196 3392 de
2211 3319 2290 3390 Deo

250 3429 297 3498 iis
318 3427 446 3498 studiis
467 3427 640 3510 versanti,
677 3451 767 3521 quae
789 3439 824 3496 et
848 3439 888 3497 tu
910 3425 1042 3516 optime
1064 3422 1244 3514 intelligis,
1295 3415 1494 3488 doctrinam
1520 3432 1555 3489 et
1574 3420 1797 3492 considerare
1820 3422 1942 3492 iatales
1963 3444 2084 3493 causas
2106 3433 2141 3492 et
2162 3419 2290 3494 Eccle-

251 3544 288 3602 et
309 3527 516 3620 gravissimo
538 3527 672 3597 iudicio
693 3528 845 3598 anteiers
865 3527 1033 3597 omuibus
1053 3525 1160 3595 rebus
1175 3521 1245 3594 bu·
1294 3519 1366 3598 siae
1387 3519 1538 3610 speciem
1558 3521 1728 3592 omuibus
1747 3525 1936 3596 aetatibus.
1994 3523 2079 3594 ldeo
2103 3527 2199 3617 apud
2225 3547 2292 3594 vos
2410 3573 2411 3616 ἰ

252 3631 379 3704 mauis.
430 3628 548 3699 Tanta
573 3643 624 3701 est
647 3643 763 3699 autem
788 3629 842 3698 vis
865 3629 1000 3718 ingenii
1025 3629 1061 3696 iu
1082 3622 1246 3721 Zr'glero,
1295 3621 1431 3710 gaudeo
1454 3634 1568 3690 rectae
1593 3623 1776 3695 doctrinae
1799 3626 2026 3697 concordiam
2049 3626 2216 3711 retineri,
2255 3639 2292 3696 et

251 3747 293 3806 ut
313 3731 494 3804 nemiuem
517 3729 556 3798 iu
581 3725 638 3799 his
659 3731 797 3800 duabus
818 3725 1019 3800 Academiis
1042 3729 1074 3798 ei
1097 3751 1246 3818 praepo·
1295 3725 1340 3792 de
1352 3716 1409 3791 bis
1424 3722 1532 3799 tantis
1544 3723 1652 3794 rebus
1666 3718 1829 3797 homiues
1843 3726 2123 3809 commuuelieri,
2156 3749 2198 3797 ac
2218 3725 2292 3797 diei

252 3834 564 3906 neudumducam.
614 3827 664 3916 Et
684 3826 776 3903 hanc
797 3832 869 3900 vim
884 3842 1030 3900 naturae
1046 3830 1184 3900 conlert
1200 3829 1245 3905 ad
1296 3847 1335 3894 00
1359 3845 1449 3916 quae
1470 3824 1516 3922 ad
1534 3825 1771 3896 consolandos
1793 3841 1828 3900 01
1848 3830 2026 3898 sanandos
2044 3827 2184 3899 animos
2205 3851 2291 3920 pm-

252 3927 432 4010 Ecclesiae
455 3933 666 4018 utilitatem,
704 3956 830 4027 magna
858 3931 1062 4002 dexteritate
1093 3931 1247 3999 illustrat
1296 3939 1397 4009 snut,
1437 3925 1477 3993 in
1498 3947 1604 4018 quam
1625 3947 1701 3998 rent
1726 3942 1766 4000 ut
1788 3929 1973 4001 incumbas
1996 3943 2031 4000 te
2052 3930 2159 3999 etiam
2182 3943 2292 4022 atque
2417 3999 2418 4020 ,

253 4035 466 4134 Prophetica
481 4035 627 4128 scripta,
659 4057 785 4128 meque
802 4034 912 4105 multa
931 4059 970 4102 ex
986 4033 1062 4103 eius
1081 4031 1246 4101 observa·
1296 4027 1401 4096 etiam
1417 4035 1492 4100 or'o.
1543 4025 1643 4098 Bene
1657 4029 1748 4105 vale.
1797 4029 1940 4106 Diest.
1955 4030 2190 4124 Septembris,
2217 4055 2291 4124 qno
2407 4027 2416 4040 ”

252 4143 411 4216 tionibus
436 4137 600 4210 didicisse
623 4138 802 4229 profiteor·
851 4133 967 4230 Cyrus
986 4134 1106 4204 iunior
1121 4133 1247 4202 lauda·
1296 4142 1377 4198 ante
1398 4147 1510 4197 anuos
1531 4128 1629 4201 sset
1645 4125 1677 4224 ⁸)
1707 4154 1785 4203 arca
1810 4129 1935 4202 Nubae
1965 4134 2121 4224 primum
2152 4131 2294 4227 quievit
2407 4127 2408 4132 ’

254 4261 313 4318 tur
342 4232 621 4333 alleuopboute
649 4236 852 4309 dulcissima
884 4237 1106 4320 narratione,
1148 4233 1244 4328 quod
1295 4243 1375 4320 post
1397 4230 1596 4315 diluvium,
1637 4230 1782 4304 Utinam
1805 4236 1903 4308 Deus
1927 4257 2025 4304 nune
2054 4253 2199 4330 quoque
2230 4237 2292 4305 det

143 4419 147 4427 ,
256 4345 342 4418 viris
363 4339 614 4414 excellentibus
634 4335 812 4436 miserit²)
836 4339 1016 4410 interdum
1034 4337 1186 4421 fercula,
1212 4347 1246 4406 et
1295 4329 1570 4402 Ecclesiaesuae
1587 4332 1754 4426 quietem.
1805 4333 1938 4407 lteruin
1956 4336 2045 4407 vale.

256 4449 333 4520 viui
354 4447 506 4536 lagenas.
569 4433 618 4512 Et
640 4442 679 4511 iu
702 4435 770 4513 hoc
793 4467 921 4533 genere
942 4455 1026 4510 uota
1049 4452 1101 4509 est
1123 4437 1245 4506 multis
1837 4453 1841 4466 ·

257 4565 372 4622 vestra
395 4540 516 4641 cum³)
536 4540 730 4615 liberalitas
751 4555 827 4615 tum
850 4543 1006 4615 comitas.
1057 4541 1129 4612 Sed
1145 4564 1244 4631 prae-

257 4652 359 4748 cipue
375 4663 471 4740 grata
489 4647 595 4721 nobis
607 4647 693 4732 erit,
718 4645 747 4716 si
763 4645 844 4718 talis
857 4644 928 4715 viri
949 4643 1093 4733 ingenio
1116 4655 1151 4714 et
1172 4639 1246 4710 vir·
1295 4682 1362 4755 No·
1375 4679 1487 4755 2761·
1632 4659 1635 4673 ·
1805 4656 1809 4667 ·
1948 4676 1954 4685 ·
2126 4697 2185 4758 ῃ.
2205 4687 2293 4772 Sept.

2182 4543 2288 4560 *-

257 4755 326 4826 tuti
349 4749 446 4824 lrnuc
467 4745 642 4822 honorem
656 4743 843 4820 habebitis.
891 4745 989 4818 Beue
1005 4744 1128 4817 valete.
1154 4739 1246 4822 ,Die
1301 4777 1475 4810 »oe-v
1674 4760 1678 4769 ’
1911 4787 1915 4794 -
1990 4757 1993 4766 ’
2121 4777 2294 4808 ..ην
2414 4831 2415 4836 ¹

257 4851 409 4928 XXl'll.
422 4851 641 4944 Septembris
664 4874 735 4945 quo
753 4863 835 4921 aute
849 4872 961 4918 anuos
974 4847 1074 4920 sest
1090 4845 1246 4940 primum
1596 4889 1602 4900 .
1631 4847 1958 4934 Tegggmongum·

258 4955 448 5032 consistere
463 4977 541 5026 arca
552 4947 676 5026 Nubae
690 4952 823 5044 coepit,
847 4966 926 5042 post
941 4947 1141 5022 diluvium..
1165 4943 1247 5018 Uti-

258 5083 342 5133 uam
356 5053 455 5128 Deus
470 5079 568 5127 nuuc
581 5077 723 5149 quoque
739 5077 841 5126 arcae
856 5048 1032 5124 Ecclesiae
1048 5071 1131 5120 suae
1147 5047 1248 5142 quie-

259 5179 330 5236 tcm
347 5174 381 5231 et
394 5155 687 5252 tranquillitatem
705 5154 894 5228 concedat!

259 5299 466 5318 “““““’““““““
1334 5288 1360 5355 1)
1377 5283 1437 5340 bib.
1450 5283 1483 5340 ll.
1498 5285 1631 5339 moribus·
1740 5335 1745 5344 ,

293 5377 320 5447 l)
336 5375 386 5442 011]
400 5371 464 5429 sod.
474 5368 586 5428 nom
598 5369 657 5427 aaa
676 5379 727 5426 001.
1330 5371 1360 5442 2)
1378 5370 1450 5428 eoa
1461 5371 1634 5424 0000000100.

1450 5027 1551 5086 Maelii
1566 5027 1664 5103 brug.
1682 5027 1775 5102 0.·511
1784 5045 1845 5104 sqq.

290 5461 320 5531 Ι)
339 5457 534 5514 sad-Mense
545 5455 603 5515 ⁸0³
619 5457 748 5512 macrae
837 5471 840 5482 ¹
1332 5459 1362 5528 s)
1379 5455 1448 5511 cod
1461 5454 1540 5512 1811.
1573 5451 1675 5510 Neuter
1688 5445 1964 5508 summumst
1978 5443 2173 5539 mmotogtae
2189 5445 2218 5500 ir
2232 5443 2295 5504 aliis
2412 5433 2413 5446 ¹

290 5545 323 5615 3)
340 5543 411 5610 Cutl.
422 5541 536 5600 Monac.
549 5541 608 5598 88st
625 5549 698 5598 tum.
1368 5523 1496 5598 epistolis.
1940 5555 1943 5565 .
