4796 6258
49 323 130 394 est
505 259 508 278 ’
641 307 1084 392 ao1sronanuu
1134 311 1242 388 nra.
1268 309 1333 390 ur.
1386 311 1520 394 rats.
2022 317 2099 394 sea

51 494 267 568 cumulatas.
316 483 364 560 Et
381 489 477 582 quod
495 484 551 559 'est
566 487 605 556 in
621 509 663 556 ea
679 509 718 556 re
740 485 847 570 mali,
874 485 990 556 oritur
1009 483 1054 556 ab
1106 497 1302 574 praestare,
1334 507 1374 556 ac
1393 485 1537 558 silentio
1559 481 1748 560 hominum
1768 500 2022 578 occupatorum
2041 483 2106 560 fa?

54 601 136 672 eius
160 606 330 689 perpetua
350 592 555 682 asperitate,
590 587 784 680 seupotius
799 581 968 660 aniene
982 577 1056 682 φύ-
1106 585 1173 654 sile
1202 586 1365 673 ignosco,
1398 600 1516 658 tamen
1540 601 1575 660 te
1605 604 1785 680 rogo,·nt
1813 591 1946 662 scribas
1969 592 2015 660 ad
2036 613 2094 660 me

56 725 159 776 asum
174 687 413 789 διχοστασίας
427 693 466 762 in
481 691 578 782 ipsis.
630 688 820 784 Utcunque
836 689 874 758 in
889 710 1056 780 praesen·
1105 686 1298 759 interdurn.
1346 685 1451 780 Nune
1464 704 1580 760 autem
1595 691 1662 761 tibi
1675 694 1885 764 commendo
1901 688 1997 762 hune
2012 690 2095 762 Ma-

52 806 107 878 tia
125 822 250 872 rursus
267 798 405 866 sedatae
419 809 503 865 sunt
518 789 585 863 hae
605 793 741 862 turbae.
794 789 865 882 Sed
885 785 978 888 mihi
992 813 1055 860 cu·
1104 789 1253 878 gistrum
1265 785 1534 884 Hieronymum
1548 790 1898 888 Noriltergensem*),
1920 795 2094 879 modesto,

53 933 95 980 ra
114 918 147 976 et
162 901 267 972 dolor
282 909 473 985 augentur,
499 919 564 966 uec
579 906 699 964 tamen
715 886 911 988 desinam'a
923 885 999 962 Deo
1019 902 1054 961 et
1104 891 1247 980 placido
1262 904 1297 960 et
1312 914 1399 962 sano
1415 893 1564 991 ingenio¹
1578 896 1776 986 praeditum
1791 917 1906 986 spero,
1921 897 1952 966 si
1968 896 2001 966 ei
2014 917 2094 988 pars

54 1023 178 1104 petere
214 1017 248 1073 ct
281 1014 421 1091 sperare
453 997 711 1086 mitigationem
744 991 852 1065 huius
880 994 1052 1066 miseriae.
1103 992 1292 1064 ministerii
1308 993 1345 1062 in
1363 995 1487 1065 vestris
1502 991 1993 1082 Eectnitrmandata.-treric‚
2019 999 2095 1068 col-

57 1109 242 1182 Prolectus
273 1113 324 1170 est
345 1095 512 1170 Sabinus
537 1098 695 1190 Spirarn,
733 1111 774 1168 ut
796 1120 817 1166 a
840 1091 1052 1166 Marchione
1103 1094 1215 1182 legam
1233 1108 1267 1164 te
1286 1091 1489 1176 habiturum
1509 1121 1582 1170 esse
1599 1123 1640 1172 ex
1657 1101 1768 1170 animi
1782 1100 1967 1174 sententia.
1997 1097 2105 1184 Nam,

64 1209 265 1282 missionem
288 1214 395 1294 petat.
444 1197 493 1270 Et
514 1199 675 1290 intelligo
698 1198 767 1268 alia
790 1197 904 1288 multa
922 1198 1052 1288 petitu·
1104 1209 1137 1265 et
1152 1197 1261 1287 probo
1278 1199 1438 1268 eruditus
1454 1213 1515 1285 est,
1541 1215 1575 1272 et
1592 1197 1820 1299 abhorrqtah
1837 1201 2000 1275 absurdis
2016 1201 2105 1291 opi÷¹

62 1337 160 1396 nrm,
185 1320 228 1378 ut
244 1301 369 1374 absens
383 1303 534 1372 retineat
548 1313 683 1392 partem
703 1297 910 1390 stipendii.¹
937 1294 981 1368 ln
997 1321 1053 1367 ce-
1104 1298 1292 1382 nionibus,
1339 1311 1374 1368 et
1404 1316 1497 1372 amat
1526 1303 1824 1395 tranquillitatem
1859 1325 2102 1372 communem·

59 1417 139 1485 ditu
156 1405 321 1503 promisit
344 1427 381 1474 se
399 1403 555 1496 Lipsiam
572 1414 762 1473 venturum
779 1420 865 1474 esse.
917 1397 989 1472 Sed
1009 1398 1054 1469 de
1104 1398 1212 1470 Mitto
1229 1400 1295 1469 tibi
1311 1399 1461 1491 pagellas
1474 1404 1519 1471 de
1534 1405 1832 1495 adpellatiouibus
1849 1405 2027 1474 veteribus
2044 1403 2095 1472 rei

55 1513 115 1586 his
131 1535 251 1584 coram
268 1507 307 1577 in
322 1506 493 1574 nondinis
510 1505 627 1596 plura,¹
967 1501 974 1506 ’
1103 1502 1324 1570 nummariae
1341 1515 1376 1572 et
1389 1506 1600 1593 ponderum,
1628 1501 1719 1574 nihil
1736 1509 1831 1574 enim
1846 1529 2023 1576 novarum
2039 1506 2096 1574 tn·

161 1612 254 1684 Cum
278 1623 357 1678 tuae
379 1603 515 1676 litterae
539 1607 583 1676 de
605 1599 757 1673 Andrea
780 1596 989 1701 Aurisabro
1007 1603 1052 1670 ad
1104 1603 1464 1674 cubratiouumaliud
1484 1600 1667 1676 habebam.
1717 1605 1815 1676 Bene
1832 1609 1921 1678 vale.
1973 1604 2017 1676 ln
2041 1610 2116 1676 ξε»

53 1719 196 1792 Ducem
223 1709 387 1781 Prussiae
425 1707 574 1798 scriptae
591 1709 597 1798 l
613 1707 842 1790 afferrentur,
880 1699 1052 1773 Andreas
1103 1701 1344 1776 riisPascatos
1360 1707 1446 1775 anui
1468 1703 1564 1780 1544
1584 1733 1602 1777 a
1626 1707 1741 1800 primo
1762 1723 1899 1800 pescate
1920 1703 2021 1802 quod
2038 1729 2096 1781 ce-

53 1822 204 1894 abicrat.
256 1809 325 1883 Sed
340 1813 450 1880 frater
463 1809 654 1879 missurum
672 1831 707 1878 se
724 1831 796 1877 esse
811 1805 1010 1899 pollicetur.
1042 1891 1047 1902 ¹
1103 1807 1286 1876 lebrarunt
1317 1805 1495 1878 lsraiilitae
1526 1809 1714 1896 discessuri
1735 1835 1785 1904 ‚il
1809 1809 1971 1906 Aegypto
1998 1833 2094 1880 anno

162 1911 396 1990 scholasticos
410 1909 581 1980 Turcicos
601 1909 738 1981 utinam
756 1907 917 1980 Sorhona
932 1907 1053 1978 mitio·
1103 1903 1215 1980 3055.

54 2005 116 2096 res
135 2019 275 2092 reddat.
330 2011 409 2084 Etsi
439 2026 550 2082 totam
574 2012 813 2083 narrationem
838 2011 953 2080 fictam
978 2032 1052 2078 esse
1460 2037 1463 2046 ⁴
1609 1999 1798 2106 Philippus
1821 2007 2045 2084 Melanthom

55 2140 166 2220 puto,
193 2135 312 2191 tamen
331 2115 431 2185 venit
455 2115 494 2183 in
515 2127 691 2195 mentem,
718 2109 873 2183 Graecos
895 2111 1052 2181 fortassis

55 2238 208 2323 propter
220 2220 336 2290 studia
353 2239 495 2308 graecae
510 2216 653 2305 linguae
668 2211 875 2309 inGalliam
889 2213 1038 2285 venisse.
2086 2296 2091 2306 ι

173 2321 282 2394 Mitto
298 2319 364 2390 tibi
378 2333 411 2390 et
420 2309 620 2387 Laterensi
634 2317 776 2386 libellos
792 2337 915 2384 recens
929 2315 1052 2398 editos,
1974 2387 1983 2404 ι

54 2451 142 2502 saue
166 2423 403 2512 negligenter,
436 2423 495 2489 sed
519 2419 639 2488 omnia
664 2431 783 2488 tamen
805 2429 928 2486 nostra
950 2413 1053 2486 rubis
1104 2373 1315 2504 Q
1611 2381 1762 2466 impr.
1776 2381 1851 2462 (hoc
1865 2381 2098 2463 ennondetur.)

55 2528 200 2604 ostendi
223 2539 257 2594 et
279 2545 445 2594 censurae
469 2533 605 2591 vestrae
621 2519 758 2590 ,subiici
781 2519 877 2592 volo.
934 2510 1053 2587 Late·
1461 2594 1468 2610 ·
1646 2519 1652 2527 '

56 2627 178 2704 rensis
195 2625 301 2696 nimis
318 2647 420 2716 parce
434 2618 523 2692 mihi
538 2621 696 2713 exnupla
709 2632 906 2690 vestrarum
921 2619 1051 2691 editio·
1407 2589 1505 2673 Nic·
1532 2583 1802 2726 Amsdotfio.

55 2757 144 2807 nunt
162 2727 283 2800 mittit.
1173 2764 1191 2832 †
1212 2761 1248 2816 Er
1266 2761 1422 2884 apographo
1437 2763 1465 2816 in
1477 2762 1541 2820 aad.
1555 2765 1667 2820 Monac.
1681 2763 1726 2818 88.
1739 2782 1785 2819 no.
1801 2761 1848 2818 lV.
1864 2783 1891 2836 p,
1910 2764 1972 2820 259.
1991 2795 2027 2806 -
2052 2765 2095 2820 Aa

160 2831 281 2902 Tuum
302 2823 481 2896 psalmum
505 2825 549 2894 de
567 2819 796 2904 Concordia,
829 2821 954 2893 mullis
980 2819 1052 2892 iam
1206 2849 1269 2914 vero
1300 2829 1545 2902 accepistnlalure
1565 2829 2020 2918 tribuaturMelaqtlaonisuntad,
2039 2849 2096 2914 uqa

64 2940 134 3030 ipse
153 2956 235 3003 mea
250 2951 360 2999 manu
381 2925 569 3018 descripsi,
596 2925 670 2995 imo
692 2938 726 2995 et
741 2925 945 2994 versionem
955 2924 1055 2995 mul-
1202 2899 1761 3044 gxffifff'd'uss'gspfifffffiffi'⁸⁶⁴
1773 2903 1888 2960 anm
1901 2921 2013 2958 noran
2026 2920 2097 2966 cern

62 3041 103 3110 tis
127 3031 253 3126 scripsi
287 3029 521 3112 adverbum,
554 3027 642 3096 adeo
670 3040 845 3120 quotquot
873 3024 1052 3113 viderunt,

57 3141 161 3212 avide
183 3124 463 3226 expetierunt*).
512 3127 750 3216 Dicesiguur
777 3125 981 3216 Laterensi,
1011 3141 1052 3200 ut
1102 3115 1421 3192 Reverendissr'mo
1434 3115 1490 3196 D.
1507 3117 1558 3196 N
1560 3122 1577 3192 i
1582 3102 1720 3193 colna
1734 3117 1981 3222 (Amsderfio)
1998 3119 2096 3221 Epa·-

56 3245 160 3337 plura
179 3233 268 3306 milri
283 3233 440 3322 exempla
458 3231 644 3323 utriusque
659 3229 773 3300 libelli
790 3231 917 3299 mittat.
1101 3248 1210 3321 scopo
1222 3217 1548 3338 Naumburgensi,
1569 3221 1772 3295 eruditione
1793 3233 1827 3294 et
1839 3222 1974 3320 pietate
1987 3247 2097 3320 prae·

160 3339 286 3412 Scribo
302 3336 345 3404 ad
358 3331 557 3422 Collegium
569 3331 745 3402 facultatis
757 3328 992 3420 Theologicae
1006 3331 1052 3398 de
1211 3321 1348 3410 stanti,
1373 3317 1529 3393 domena
1539 3333 1571 3395 et
1582 3334 1743 3422 patrono
1756 3344 1827 3396 sua
1838 3323 1989 3396 colendo

55 3431 441 3532 Gflil⁰¹⁵⁸lq¹¹⁰d³m²
463 3433 702 3505 ‘munnam‘
723 3429 1053 3501 infflclffiiamn'
1102 3434 1148 3531 S·
1167 3453 1212 3530 D·
1261 3455 1570 3532 Reverendissi'me
1591 3457 1758 3533 Domine.
1815 3459 1905 3532 Cum
1929 3461 1974 3538 R.
1991 3461 2035 3540 D.
2055 3463 2097 3535 V.

56 3549 106 3618 tis
122 3533 309 3614 Mariani·
368 3535 529 3620 Nollem,
554 3534 757 3604 ⁶0⁰fifffl³li
772 3531 903 3604 Gallici
916 3530 1054 3623 ingenii
1081 3625 1082 3628 ,
1103 3583 1167 3630 suo
1191 3561 1397 3652 gravissimo
1423 3561 1556 3632 iudicio
1581 3559 1696 3633 faveat
1712 3563 1790 3654 piae
1807 3563 2021 3635 institutioni
2041 3563 2097 3634 iu-

77 3741 343 3848 ’sfsstnii‘min‘
383 3737 474 3809 Nam
489 3731 580 3806 hanc
597 3731 704 3805 ΜΕ
720 3751 850 3808 mim
867 3736 1052 3830 ‘limiam
1104 3766 1287 3856 pertineat,
1304 3787 1485 3855 speramus
1500 3779 1639 3836 nostras
1653 3766 1772 3836 literas
1788 3769 1936 3860 scriptas
1951 3769 1994 3838 de
2009 3773 2097 3837 ado·
2177 3785 2183 3794 ·

55 3848 194 3943 mimi·
244 3843 342 3914 ΒΜ
357 3842 455 3923 “¹⁸²
480 3837 522 3908 ¹¹¹
538 3837 637 3907 ἠῶ
651 3827 728 3908 πάσ
753 3861 849 3918 ατος·
1105 3867 1257 3936 lescente
1274 3867 1379 3937 bonis
1394 3869 1556 3938 moribus
1571 3869 1731 3958 praedito
1746 3881 1779 3937 et
1796 3868 1990 3957 ingenioso,-
2005 3865 2097 3938 Arn-

712 3938 742 4008 Ρ
770 3939 808 4009 ῙῙ·
824 3933 1002 4010 Mehnih·
1107 3961 1230 4036 brasio
1245 3959 1282 4038 Τ
1282 3959 1396 4050 sant,
1420 3969 1493 4038 filio
1517 3965 1563 4042 D.
1579 3961 1830 4040 Balthasnris
1847 3963 1999 4061 Tshnle,
2022 3969 2096 4044 lle-

61 4125 1053 4158 ....------------—--—-—-
1107 4068 1298 4138 verendiss.
1321 4065 1570 4154 Dominatioui
1588 4084 1723 4140 vestrae
1747 4093 1822 4140 non
1839 4074 1993 4164 ingratas
2007 4075 2095 4148 lore.

1104 4165 1233 4240 Narrat
1254 4184 1371 4240 autem
1395 4169 1599 4240 adolescens
1623 4171 1685 4242 ille
1710 4165 1946 4259 Ambrosius,
1982 4199 2096 4246 sacer-

54 4255 124 4328 No·
139 4249 256 4322 2915·
889 4239 1051 4362 Q
1106 4271 1244 4341 dotium
1261 4271 1442 4364 quoddam
1456 4269 1579 4341 vicarii
1603 4271 1674 4342 iam
1697 4263 1803 4344 isthic
1819 4275 1857 4343 in
1875 4278 2006 4368 templo
2023 4275 2095 4346 Lo·

428 4403 492 4491 10·
534 4396 713 4484 sutem
1104 4371 1227 4442 ticansi
1248 4395 1397 4442 vacuum
1421 4395 1514 4454 esse,
1550 4374 1650 4444 cuius
1677 4375 1881 4448 conserendi
1903 4379 1960 4447 ius
1986 4379 2095 4470 perti-

128 4557 151 4625 †
171 4552 207 4605 Er
223 4545 391 4618 autographo
403 4542 588 4600 Melanthonis
607 4541 634 4596 in
657 4535 773 4619 tabular:
792 4534 905 4590 senatu·
917 4535 1053 4594 Suinlort.
1104 4487 1186 4544 neat
1207 4473 1251 4543 ad
1268 4469 1313 4542 θ’
1325 4465 1606 4592 Bomiasmm
1620 4467 1879 4596 Thihackd.)
1899 4578 1909 4596 .
1933 4475 2096 4594 vidum„

162 4621 228 4676 „aaa
242 4617 403 4686 asscriptus
417 4615 455 4686 pt.
469 4613 503 4668 R.
517 4612 618 4679 strato,
636 4609 748 4664 Pastore
762 4623 791 4658 m
805 4601 947 4660 scrutata.
1103 4590 1220 4646 atatem
1235 4575 1466 4646 adolescentts
1479 4600 1614 4656 mores,
1640 4590 1675 4647 et
1692 4601 1873 4668 lugentum
1897 4579 2095 4648 tudtcamus

1103 4677 1147 4746 ad
1164 4676 1283 4748 literas
1297 4678 1466 4748 idoneum
1481 4701 1566 4751 esse.
1603 4676 1687 4748 ldeo
1702 4679 1989 4763 existimaremur,
2003 4681 2094 4750 bene

1102 4777 1268 4848 collocari
1281 4773 1348 4849 hoc
1361 4781 1615 4864 sacerdotium,
1640 4779 1669 4848 si
1686 4775 1768 4848 huic
1783 4779 1995 4852 adolescenti
2006 4779 2095 4852 Am-

1104 4879 1222 4948 brosio
1247 4879 1478 4954 conferretur.
1530 4879 1650 4970 Quare
1674 4903 1815 4950 oramus
1834 4879 1881 4956 R.
1905 4877 1950 4953 Π.
1969 4879 2030 4964 V„
2053 4895 2095 4954 ut

1103 5007 1163 5050 sua
1181 4976 1395 5052 authoritate
1422 4977 1513 5054 hane
1537 4978 1792 5068 remediaret,
1816 5006 1856 5054 ac
1871 4981 2094 5070 assentiatur,

56 3629 622 3819 q12011.1¹t'07²⁰i‘5⁰i⁰lm¹'im'·
681 3632 843 3706 3⁰¹⁸in
862 3635 967 3728 Pi'm
989 3655 1054 3726 lm
1103 3663 1278 3748 ventutis,
1304 3664 1398 3734 etad
1415 3685 1546 3735 munus
1563 3658 1719 3756 episcopi
1738 3665 1919 3740 literarum
1937 3668 2096 3752 defensio

52 4722 230 4826 Egregia
251 4716 455 4796 eruditione
477 4727 509 4788 et
537 4716 673 4813 pietate
693 4705 863 4808 praedito
883 4705 1052 4783 Domino

53 4833 81 4908 1
91 4823 281 4906 ohanne'
303 4819 334 4894 S
344 4849 366 4892 u
377 4831 415 4891 te
428 4817 513 4902 lio,
540 4813 695 4888 Pastori
705 4809 897 4884 Ecclesiae
913 4808 1051 4886 Suevo-

170 4919 178 4930 ’
333 4921 541 5024 sartensis,
566 4917 776 4990 amicosne.

50 5051 98 5142 S.
115 5065 163 5138 D.
213 5055 292 5132 Etsi
315 5081 388 5128 non
411 5054 537 5126 dubito
568 5065 602 5124 te
630 5073 711 5122 cum
735 5047 895 5116 inomni
919 5047 1048 5134 officio,

52 5187 133 5242 tum
159 5187 243 5234 vero
273 5159 311 5229 in
344 5156 497 5229 amicitia
522 5153 730 5246 gravitatem
763 5160 798 5220 et
817 5151 1048 5223 constantiam

1101 5139 1295 5162 ——nu—-d

1135 5239 1162 5306 'l
1183 5235 1383 5366 antoanam
1403 5237 1555 5322 musae,
1590 5241 1742 5298 uteorum
1769 5241 2019 5328 susannem,
2036 5245 2093 5302 aa

49 5313 297 5467 m
312 5389 341 5446 tn
354 5387 436 5461 apr.
450 5385 489 5442 ts.
509 5383 560 5444 tet
573 5385 600 5442 a.
616 5404 642 5440 a.
1166 5308 1671 5445 ffgssdnffilffgsstgptgupfiqntnn
1690 5316 1732 5372 sn
1751 5313 1906 5380 nasetur
1917 5311 2094 5382 annana

85 5483 131 5550 ..q
150 5478 287 5536 qufflm
1133 5455 1180 5530 **)
1197 5457 1245 5514 ste
1257 5455 1302 5516 lais
1313 5459 1446 5532 seriptum
1459 5469 1499 5516 est
1512 5481 1624 5520 nomes.
