4864 6244
318 318 391 396 aar
679 347 682 354 ·
893 317 1336 396 nnrsronaauu
1385 319 1591 436 creme
1645 318 1857 396 aeta·
2016 300 2018 308 ’
2260 320 2320 403 aaa

318 497 409 568 ellici
426 498 470 567 ad
485 511 519 568 te
537 492 787 572 liberandum(
805 499 809 508 ’
826 491 930 570 Certe
949 495 1109 566 obsidem
1123 520 1179 566 me
1194 495 1314 566 liben-
1464 494 1604 567 Deinde
1630 497 1673 566 de
1689 519 1772 566 vera
1795 495 2020 568 invocatione
2045 511 2080 570 et
2100 521 2178 568 vero
2199 519 2257 568 usu
2269 499 2318 570 Sa-

318 614 373 670 ter
403 601 577 670 dedissem
607 613 671 690 pro
696 600 954 670 telatronibus
984 599 1076 682 illis,
1108 601 1315 693 quicunque
1363 615 1623 669 crementorum
1656 599 1815 670 dicturus
1844 625 1958 686 eram,
1986 601 2104 671 vitatis
2128 601 2170 670 iis
2195 603 2318 692 scopulis

318 695 530 798 luerunt*)‚
553 702 615 796 qui
641 715 675 772 te
692 717 832 794 captum
850 716 1051 772 tenuerunt.
1101 699 1194 772 Vota
1208 703 1314 771 etiarn
1362 697 1445 796 περὶ
1458 693 1737 797 προςκυνήσεως
1750 699 1866 798 ἄρτου
1873 751 1885 789 ,
1913 726 2003 796 qaros
2019 717 2057 774 tu
2070 727 2142 772 non
2157 703 2206 771 vis
2220 704 2320 774 vitare.

319 806 363 874 ad
387 802 504 874 Deum
536 817 719 874 aeternum
751 818 887 896 patrem
912 803 1063 874 Domini
1092 805 1204 874 nostri
1234 803 1315 874 lesu
1361 802 1519 888 Putatis,
1545 801 1579 875 e't
1601 805 1994 890 omniadicendaesse‚
2019 805 2196 876 etnullam
2210 829 2322 874 moran

320 903 455 977 Christi
477 908 600 976 sedulo
622 908 700 980 leci.
752 906 858 977 Nunc
881 904 947 977 Dei
970 907 1081 999 ipsius
1098 906 1314 996 benignitate
1363 905 1402 973 in
1426 906 1538 976 causis
1560 909 1704 996 agendis
1727 908 1879 978 fortibus
1905 909 1992 977 viris
2015 908 2207 978 convenire.
2259 903 2321 996 Ego

318 1010 520 1080 restitutum
538 1022 572 1078 te
588 1032 661 1079 esse
677 1003 945 1078 honestissimae
963 1010 1106 1099 coniugi
1122 1024 1217 1093 tuae,
1232 1010 1316 1079 dul-'-
1363 1021 1486 1104 contra
1502 1011 1613 1080 multa
1628 1023 1830 1098 praetereo,
1849 1023 1883 1079 et
1898 1024 2084 1081 contanter
2099 1011 2141 1080 ad
2158 1031 2264 1079 causas
2278 1033 2323 1077 ac·
2396 1027 2397 1030 ’

320 1111 468 1180 cissimis
498 1111 639 1196 liberis,
670 1107 838 1180 Ecclesiis
861 1110 1004 1196 vestris,
1039 1103 1166 1181 studiis
1194 1113 1314 1181 litera·
1363 1112 1459 1181 cedo.
1511 1110 1582 1181 Sed
1603 1113 1674 1199 scio
1697 1137 1755 1181 me
1775 1113 2077 1197 rideriamultis‚
2101 1111 2321 1184 etlacilefcro.

319 1237 421 1298 rum,
447 1215 552 1285 nobis
568 1214 754 1298 omnibus,
779 1214 883 1281 valde
906 1215 1037 1298 laetor,
1060 1227 1092 1282 et
1106 1211 1183 1283 Deo
1202 1226 1315 1283 aeter·
1363 1210 1433 1283 Sed
1449 1214 1575 1282 vellem
1593 1227 1627 1283 et
1644 1214 1726 1284 illos
1741 1227 1776 1284 et
1794 1214 1883 1284 alios
1898 1215 2128 1307 introspicere
2146 1237 2252 1282 meum
2267 1235 2322 1283 cor.

295 1339 387 1414 Ano,
420 1317 513 1406 patri
535 1313 686 1384 Domini
704 1315 819 1386 nostri
842 1313 922 1385 lesu
937 1311 1092 1398 Christi,
1117 1317 1179 1408 qui
1206 1329 1238 1385 te
1258 1318 1315 1385 re-'
1363 1311 1402 1382 Si
1419 1329 1558 1386 tantum
1582 1316 1818 1410 lacrymarum
1834 1319 1983 1386 fundere
1998 1341 2154 1409 possem,
2178 1327 2322 1409 quantun

320 1417 423 1487 duxit
444 1417 483 1484 in
505 1419 651 1487 domurn
675 1432 789 1502 tuam,
816 1417 944 1508 gratias
961 1441 1045 1508 ago,
1072 1442 1223 1510 eumque
1238 1443 1313 1501 oro,
1352 1419 1540 1486 -undarum
1576 1431 1697 1488 noster
1726 1415 1830 1490 Albis
1858 1420 1966 1511 pleno
1995 1416 2096 1490 vehit
2125 1419 2237 1501 alveo,
2264 1437 2322 1482 uon

320 1531 359 1588 ut
382 1533 416 1589 te
439 1534 552 1590 servet
574 1521 812 1605 incolumem,
838 1544 878 1588 ac
900 1532 1016 1608 regat,
1049 1532 1089 1589 ut
1116 1521 1163 1588 sis
1187 1524 1315 1600 σκεῦος
1362 1533 1478 1609 posset
1493 1513 1674 1589 exhauriri
1687 1543 1787 1590 meus
1804 1523 1925 1607 dolor,
1946 1535 2052 1593 ortus
2067 1545 2107 1591 ex
2130 1516 2192 1590 hac
2212 1519 2322 1588 dissen-

320 1617 458 1706 ἐλέους,
498 1638 533 1692 ct
555 1622 709 1693 salutare
731 1645 891 1712 organon
912 1618 1091 1690 Ecclesiae
1115 1635 1150 1690 et
1170 1622 1312 1714 patriae,
1361 1622 1471 1694 sione.
1530 1620 1627 1692 Deus
1659 1636 1823 1694 aeternus
1852 1639 1953 1714 pater
1975 1624 2113 1694 domini
2138 1620 2243 1691 nostri
2262 1616 2321 1686 lesu

318 1747 387 1816 qua
411 1747 449 1792 re
470 1720 565 1792 nihil
589 1725 717 1794 melius
737 1720 878 1792 homini
901 1727 962 1796 au't
982 1724 1093 1812 magis
1113 1724 1228 1814 optari
1253 1737 1314 1794 aut
1360 1721 1495 1794 Christi
1512 1724 1609 1794 iuvet
1629 1749 1714 1810 nos,
1740 1723 1832 1808 †cui
1855 1725 1984 1815 gratias
2003 1747 2090 1815 ago,
2116 1724 2206 1818 quod
2229 1719 2321 1790 domi·

317 1827 396 1894 dari
419 1840 543 1918 potest.
603 1826 661 1896 Sis
682 1826 792 1894 foelix
814 1825 919 1906 civis,
946 1839 987 1895 ut
1011 1827 1154 1894 suerunt
1173 1819 1312 1918 loseph,
1361 1849 1447 1894 num
1477 1824 1745 1921 Hieronymum
1781 1825 2045 1899 honestissimae
2081 1825 2217 1912 coniugi
2248 1844 2320 1899 suae,

317 1925 484 2014 Samuel,
519 1925 702 2018 losaphat‚
737 1925 917 2012 Elisaeus,
941 1940 974 1997 et
990 1927 1120 1996 similes
1135 1929 1308 2017 guberna·
1360 1929 1573 2000 dulcissimis
1587 1929 1722 2012 liberis,
1738 1926 1905 2000 Ecclesiis
1923 1931 2049 2000 vestris
2065 1942 2101 2000 et
2114 1929 2213 1998 nobis
2228 1922 2319 1995 omni·
2392 1994 2395 2013 Ι

314 2041 428 2110 tores,
463 2055 617 2122 quorum
642 2029 740 2100 Deus
764 2031 807 2097 ad
836 2031 985 2099 salutern
1015 2031 1150 2120 patriae
1178 2044 1310 2100 mentes
1359 2031 1426 2100 b'us
1448 2031 1621 2117 restituit,
1653 2045 1687 2102 et
1708 2057 1791 2116 oro,
1820 2047 1861 2103 ut
1883 2058 1963 2104 eum
1984 2048 2102 2104 servet
2126 2030 2320 2104 incolumen,
2393 2040 2394 2066 ¹

314 2131 429 2216 flexit3
456 2155 531 2200 non
554 2131 653 2212 talis,
675 2131 795 2225 quales
815 2132 961 2200 fuerunt
984 2129 1155 2218 Pericles,
1175 2130 1309 2202 Demo·
1358 2149 1392 2204 et
1415 2149 1529 2226 regat,
1556 2149 1598 2208 ut
1621 2133 1665 2205 sit
1689 2139 1818 2215 σκεῦος
1838 2132 1995 2214 ἐλέους.”
2044 2133 2148 2204 Bene
2171 2131 2259 2214 vale,
2280 2126 2322 2196 die
2394 2205 2395 2213 ἵ

313 2226 473 2318 sthenes,
500 2233 614 2328 etalii
640 2233 800 2327 quamvis
824 2233 977 2314 laudati,
1003 2235 1168 2326 quicum
1189 2232 1307 2305 Deum
1356 2236 1571 2332 aequinoctii
1584 2237 1799 2308 autumnalis
1808 2229 1844 2333 *)
1865 2235 1974 2312 1545.

312 2357 387 2402 non
404 2350 548 2405 nossent
561 2359 635 2405 non
649 2337 863 2428 profuerunt
877 2335 1055 2407 Ecclesiae
1071 2335 1149 2411 Dei.
1183 2335 1305 2406 Tuum
1509 2337 1514 2342 ’
1868 2337 2059 2432 Philippus
2082 2329 2287 2410 Melanthon.
2392 2380 2397 2424 ι,

311 2459 453 2506 cursum
475 2439 524 2507 ita
547 2435 645 2508 Deus
666 2439 855 2526 gubernet,
888 2452 928 2508 ut
953 2439 1164 2528 gubernavit
1186 2432 1305 2510 bacte-

283 2623 284 2626 ,
309 2561 396 2624 nus,
422 2553 463 2610 ut
478 2541 525 2608 sis
540 2553 574 2610 et
588 2537 766 2609 Ecclesiae
781 2535 933 2626 Christi,
961 2554 995 2611 et
1004 2543 1195 2624 universae
1212 2540 1304 2610 Ger·
2393 2577 2397 2643 p

308 2641 448 2711 maniae
471 2643 644 2716 salutaris.
696 2640 794 2710 Bene
817 2643 907 2716 vale.
958 2641 1002 2714 D.
1019 2637 1189 2714 luthero
1204 2657 1305 2735 opta·
1352 2675 1419 2749 No·
1436 2677 1538 2747 5270
2200 2669 2297 2759 (bt.)
2392 2653 2397 2712 t

307 2741 377 2809 rim
400 2755 434 2813 te
452 2744 616 2818 scribere.
667 2741 777 2848 Datae
793 2745 831 2812 in
853 2745 1077 2844 acquinoctio
1094 2747 1305 2832 autumnali,
1359 2735 1549 2803 Μ’
2179 2763 2312 2800 w*

308 2839 419 2918 1545.
543 2915 546 2922 ,
1756 2875 1953 2990 Pegella.
1976 2829 1980 2837 ¹
2394 2908 2395 2970 t

1386 3039 1649 3167 tibbatffipaeppo
1672 3041 1702 3094 in
1728 3041 1794 3097 bibl.
1818 3042 1982 3116 Μεγαλαρχ.
2002 3017 2125 3158 Badeo..
2147 3035 2316 3106 descriptunt

304 3169 415 3181 —-—-
773 3174 1037 3184 -.—....--.-
1050 3175 1296 3188 .......-..........

1358 2547 1674 2561 b———n-——Q--ss-
1685 2537 2320 2559 mm—-a-n—-fl-

2123 2567 2129 2578 ι

781 2941 972 3042 Philippus
997 2945 1224 3022 Melanthon.

330 3307 385 3378 No
414 3310 514 3380 3269
1121 3335 1165 3394 13
1196 3325 1236 3389 se
1259 3331 1290 3390 ib
1350 3277 1498 3360 (Pegella
1515 3276 1792 3358 epbtolaecur'dam
1806 3276 1935 3340 inclusa.
1961 3275 2182 3362 Videpistd.
2196 3267 2314 3350 tasptt.
2396 3333 2397 3348 ἵ

310 3363 527 3444 “⁸‘'
670 3383 674 3392 Ι
1126 3353 1299 3444 *esf-ii·-
1352 3387 1461 3452 1546.
1488 3383 1526 3443 sd
1542 3380 1759 3459 Theodorum,
1782 3403 1875 3464 equa
1888 3385 2094 3464 intelligitur,
2122 3384 2193 3444 haee
2209 3379 2261 3438 iere
2272 3373 2314 3431 hor
2394 3467 2395 3474 ἵ

643 3506 698 3594 V.
727 3509 961 3594 Theodoro,
1668 3499 1804 3567 tempore
1820 3489 1929 3568 scripta
1945 3484 2034 3566 esse.)

371 3639 449 3718 tldtta
468 3664 496 3748 in
515 3667 631 3723 Peuceri
649 3647 766 3728 tractatu
785 3675 844 3729 bist.
881 3677 950 3730 .68.
968 3687 995 3730 el
1014 3677 1043 3730 in
1063 3678 1168 3736 Consil.
1187 3683 1298 3740 Melan·
1399 3629 1543 3716 Lucius
1560 3634 1790 3740 Cyrenaeus’
1808 3635 2310 3740 osavpowdllwrl‘rlmumdo'

401 3734 491 3787 tbonrs
511 3737 599 3790 latinis
618 3741 650 3794 P.
669 3743 819 3864 Lpioddb.
857 3694 1033 3799 donantibus
1059 3754 1245 3824 autographon
1270 3758 1297 3810 in
1450 3749 1523 3818 cuit
1545 3745 1781 3840 Evangelium
1805 3748 1849 3815 ad
1871 3744 2087 3820 Danubium
2114 3749 2154 3817 in
2175 3739 2307 3836 Augusltt

405 3805 467 3857 ωδ·
486 3805 600 3862 Mam·
617 3808 639 3866 ¹·
657 3829 683 3881 Ρ·
1448 3845 1648 3936 Tiberina,
1673 3849 1916 3940 Regensburg.

303 3953 530 4032 Clarissimo
558 3963 635 4035 viro
660 4009 712 4021 -
737 4011 789 4023 -.
813 3971 868 4044 D,
900 3957 1012 4045 'Vno
1038 3971 1296 4069 Theodoro,
1398 3941 1588 4034 Crescens,
1616 3953 1838 4041 Moguntiae.

303 4061 343 4132 ¹⁶¹¹
370 4061 542 4133 Ecclesia
566 4063 837 4165 Norr'bergensi
866 4070 1009 4147 docenti
1034 4076 1297 4178 Evangelium,
1397 4051 1584 4172 Cl⁶m⁶'¹,5’
1611 4055 1714 4126 Meli·
1796 4083 1825 4170 j

460 4166 579 4239 amico
604 4195 673 4241 suo
695 4171 759 4246 καὶ
781 4173 933 4274 ἀδελφῷ
956 4176 1135 4279 petraea».
1395 4154 1434 4228 Τ
1434 4151 1644 4255 rogabamus,
1669 4155 1818 4227 Arelatr.

240 4325 246 4332 ἱ
301 4276 333 4366 S
379 4299 413 4371 D
475 4301 505 4374 C
584 4308 606 4375 d
794 4313 803 4330 ,
966 4316 974 4332 ,
1135 4321 1144 4340 ,
1222 4324 1229 4342 ,
1394 4257 1554 4332 Marcus
1578 4260 1682 4331 Pauli
1699 4256 1894 4349 discipulus
1913 4256 1952 4324 in
1969 4255 2119 4329 Passan-

336 4345 346 4366 ·
413 4349 424 4371 ⁹
506 4331 565 4372 ”¹¹¹
598 4333 627 4426 ,Ε
645 4333 873 4433 ff⁵P⁰¹¹⁸¹⁰f¹e
890 4313 1296 4434 R³f¹⁵b⁰¹¹⁰¹¹⁵¹d⁸l¹be'
1395 4359 1601 4434 Maternus
1649 4360 1748 4432 Petri
1770 4359 1965 4452 discipulus
2010 4357 2189 4430 Coloniae
2212 4367 2241 4427 et
2257 4345 2308 4420 At·

299 4423 436 4488 rarern,
469 4408 627 4493 decrevt,
660 4437 699 4480 tn
719 4419 863 4486 exordto
886 4432 1116 4491 recttaturum
1142 4450 1199 4494 me
1222 4452 1294 4497 esse
1389 4447 1392 4452 “
1607 4419 1617 4449 ’
1974 4413 1984 4444 ’

266 4506 428 4610 ¹veteris
454 4505 673 4632 Germaniae
691 4511 883 4604 Ecclesiae,
911 4545 1000 4614 quae
1024 4529 1105 4595 ante
1124 4524 1293 4601 Gotthica
1391 4479 1631 4642 Νὲῗῖωωῖ
1706 4565 1855 4635 (mu.
1901 4561 2060 4633 sTre.

298 4614 691 4705 temporaadrscrpulrs
707 4613 960 4710 Apostolorum
978 4623 1293 4716 †prlmum''0011,
1435 4596 1458 4640 a
1505 4591 1600 4637 arrae
1636 4590 1704 4657 apu
1772 4591 1782 4633 t
1825 4588 1933 4654 nge,
2025 4589 2136 4638 varos.

298 4707 439 4779 stitutae
463 4727 543 4782 sung
603 4714 645 4784 1n
664 4713 702 4786 h·
873 4725 881 4740 ·
1043 4729 1051 4744 ·
1261 4737 1270 4752 .
1391 4667 1569 4744 Lasarus
1586 4667 1812 4738 resuscitatus
1827 4665 2029 4759 Massyliac.

524 4763 586 4833 '⁹’
693 4743 721 4837 li
736 4721 1086 4812 eisatrsbonensrs,
1108 4755 1290 4824 quamprr-
1389 4775 1423 4847 A
1521 4770 1661 4843 domini
1687 4768 1736 4839 35
1757 4771 1788 4838 la
1818 4769 1933 4838 idatus
1954 4765 2015 4838 Ste
2042 4763 2162 4839 banus
2189 4774 2221 4834 ct
2244 4775 2310 4828 con·

296 4833 395 4878 mum
420 4829 604 4888 consillutl
623 4817 755 4892 Luctus
778 4821 978 4918 Cyrenaeus
987 4881 997 4912 ‚
1023 4829 1117 4899 filius
1140 4833 1216 4902 eius
1237 4860 1291 4904 se·
1425 4799 1498 4844 nno
1792 4793 1817 4861 P·
2017 4793 2039 4861 P

295 4910 371 4997 nis,
407 4916 468 5006 qui
501 4919 539 4984 in
573 4926 740 5009 gestanda
768 4950 870 4996 cruce
901 4927 1016 4998 filium
1040 4927 1109 4999 Dei
1142 4937 1289 5010 adiuvit.
1388 4871 1826 5069 pagleguzggluz'stimo
1857 4995 1951 5042 anno
1984 4969 2142 5042 Neronis
2173 4957 2312 5036 videlicet

294 5009 412 5084 Multa
433 5019 619 5108 splendide
642 5025 680 5092 in
704 5021 772 5095 hoc
796 5029 941 5098 exordio
966 5033 1010 5099 ad
1027 5033 1105 5124 pios
1127 5029 1288 5110 homines
1357 5127 1360 5131 ‚
1439 5105 1534 5150 anno
1549 5078 1687 5149 domini
1702 5076 1752 5146 70
1815 5071 1868 5144 Er
1891 5062 2311 5146 oconcionatusestPflu·

293 5117 554 5190 confirmandos
578 5149 656 5194 cum
683 5127 721 5196 in
745 5151 783 5198 ea
799 5130 956 5216 civitate,
983 5146 1058 5204 turn
1079 5161 1161 5206 vero
1177 5139 1215 5208 in
1231 5169 1287 5212 ce·
1436 5185 1446 5253 Ι
1528 5183 1537 5200 ·
1581 5183 1589 5198 ·
1658 5178 1708 5254 35
1754 5129 1763 5148 ³
1868 5097 1890 5165 g

293 5217 376 5287 teris
392 5220 462 5288 dici
479 5225 685 5313 potuissent.
1274 5259 1279 5266 ·
1450 5197 1646 5279 mmet
1723 5199 1846 5250 annoS.

289 5403 556 5530 ’ζὴ-*υ
672 5503 679 5518 .
1284 5443 1291 5460 “
1366 5447 1396 5515 *l
1418 5446 1482 5500 Per.
1500 5441 1586 5498 edidit
1603 5439 1659 5496 sic:
1689 5437 1732 5492 die
1753 5437 1795 5495 18.
1816 5437 1938 5512 Septem.
1956 5436 2002 5510 qui
2018 5433 2072 5488 tuit
2089 5433 2148 5488 dies
2168 5413 2310 5500 aequinoctii

340 5496 348 5544 l
367 5491 469 5564 Spaub.
484 5497 586 5552 edidit:
602 5499 708 5558 fuerant
717 5541 727 5575 ,
745 5523 777 5559 ex
793 5508 1053 5572 emendationem.
1403 5513 1578 5570 autumali„
