4842 6256
277 351 350 426 211
860 345 1299 426 arrsronanun
1346 345 1452 426 nm.
1492 345 1556 426 n.
1609 342 1741 422 asts.
2244 315 2328 425 ’ω
2420 302 2421 309 ¹

385 517 434 593 Ut
460 523 568 613 igitur
590 517 828 595 Athanasium
852 519 1010 594 Ecclesia
1034 517 1276 594 Alexandrina
1329 541 1385 590 res
1411 530 1445 588 et
1463 518 1673 588 mercenarii
1694 515 1762 590 hoc
1782 519 1876 600 ritu,
1915 519 1975 590 sed
1999 517 2172 593 differunt
2197 543 2328 612 genere

284 624 440 696 vocavit:
474 627 522 695 sic
544 639 598 710 te,
631 626 680 696 sic
702 627 851 714 collegas
874 622 1009 719 tuos‘)‚
1042 627 1152 696 vestri
1166 625 1279 697 Sena·
1330 621 1528 702 doctrinae,
1553 633 1587 688 et
1603 621 1797 694 voluntate.

287 738 402 809 tores,
441 727 503 818 qui
534 723 659 822 sunt⁶)
688 729 876 819 praecipua
900 723 1078 797 Ecclesiae
1108 729 1278 807 membra,
1431 720 1539 809 Quod
1562 735 1678 790 autem
1701 722 1912 816 nequidem
1941 722 2044 794 liceat
2069 722 2175 793 nobis
2204 737 2329 816 petere

288 840 474 898 vocarunt:
498 827 571 898 Nec
586 832 711 914 relect,
737 853 843 922 quam
860 829 981 898 multis
998 829 1036 897 in
1052 828 1186 900 Senatu
1202 831 1278 920 pla·
1330 823 1440 893 ritum
1464 822 1700 894 ordinationis
1724 825 1768 892 ab
1791 819 1995 916 Episcopis,
2030 826 2092 918 qui
2115 850 2214 896 nunc
2239 827 2330 898 titu-

290 941 381 1013 ceat,
413 930 496 998 satis
516 944 568 1000 est
584 931 722 1024 aliquos
739 953 829 1011 esse,
862 932 923 1022 qui
939 931 1162 1021 praecipuam
1177 945 1279 1001 auto·
1331 927 1405 994 lum
1423 937 1558 1002 tenent,
1584 937 1617 992 et
1634 925 1843 1015 profitentur
1858 947 1894 994 se
1910 925 2110 1016 improbare
2124 929 2331 1000 docuinam

289 1030 430 1101 ritatem
453 1025 604 1115 habent,
646 1046 680 1102 et
703 1033 778 1102 eius
798 1030 976 1102 Ecclesiae
1001 1033 1159 1102 membra
1184 1045 1280 1116 sunt,
1331 1023 1567 1095 Ecclesiarum
1584 1041 1805 1109 nostrarum,
1831 1027 2020 1098 manifesta
2035 1029 2127 1098 ratio
2145 1044 2213 1100 est:
2242 1033 2330 1123 quia

289 1133 333 1200 ad
351 1154 456 1224 quam
473 1134 668 1202 docendam
684 1134 797 1203 vocati
815 1129 942 1226 estis').
1332 1127 1509 1196 neminem
1533 1126 1609 1195 sine
1630 1128 1749 1218 impiis
1765 1129 1916 1198 vinculis
1935 1131 2114 1203 ordinant.
2166 1129 2214 1200 Et
2230 1130 2331 1204 Pau-

392 1230 490 1302 Haec
520 1235 699 1302 verissima
728 1247 761 1303 et
784 1233 1042 1323 simplicissima
1069 1248 1166 1305 sunt:
1208 1231 1281 1304 Nec
1331 1230 1387 1298 lus
1409 1229 1543 1321 inquit:
1577 1223 1726 1326 Siquis
1746 1224 2125 1324 aliudEvangelium
2151 1227 2331 1317 dometii,

293 1333 442 1402 dubium
458 1349 523 1418 est,
548 1359 609 1404 vos
628 1337 717 1406 iuste
734 1350 893 1422 vocatos,
926 1349 961 1405 et
976 1337 1150 1424 legitimus
1172 1336 1280 1404 mini·
1332 1322 1533 1398 anathema
1547 1327 1608 1397 sil.

293 1447 384 1504 stros
400 1457 490 1520 esse,
513 1449 547 1505 et
563 1461 635 1505 non
651 1461 723 1507 esse
739 1431 1138 1527 ἅλλοτριοεπισκόπους.
1390 1465 1401 1474 -
1432 1429 1505 1500 Nec
1528 1444 1711 1521 propterea
1735 1431 1953 1522 extinguitur
1971 1434 2136 1504 universa
2153 1431 2329 1524 Ecclesia,

395 1534 479 1607 Post
494 1539 711 1607 vocationem
728 1563 789 1608 seu
805 1540 1009 1607 electionem
1028 1539 1114 1608 olim
1139 1539 1280 1606 accede·
1332 1535 1393 1602 sed
1417 1527 1578 1614 †manet
1600 1530 1742 1600 ecclesia
1772 1535 1868 1622 apud
1896 1534 2007 1622 nos”;
2048 1537 2111 1605 ubi
2132 1553 2238 1608 sonat
2261 1566 2329 1610 vox

292 1639 356 1706 bat
373 1640 631 1733 comprobatio,
665 1665 754 1732 qnae
777 1641 881 1708 fiebat
903 1664 966 1730 per
982 1640 1116 1708 vicinos
1133 1635 1282 1730 Episco-
1331 1631 1535 1723 Evangelii,
1570 1633 1622 1702 ibi
1645 1645 1679 1702 et
1705 1634 1958 1720 ministerium,
1991 1637 2106 1706 etius
2131 1638 2327 1726 electionis,

293 1762 374 1828 pos,
400 1739 505 1824 dnos,
531 1754 591 1810 aut
606 1754 694 1826 tres,
725 1755 766 1810 ut
790 1742 939 1811 recitant
956 1742 1086 1810 multae
1103 1736 1280 1813 historiae.
1334 1749 1367 1804 et
1384 1734 1682 1824 comprobationis
1703 1750 1842 1820 manet,
1873 1738 1969 1807 iuxta
1992 1738 2100 1808 illud:
2141 1735 2329 1827 Ascendit,

292 1836 342 1908 Hi
364 1863 489 1910 manus
513 1843 745 1933 imponebant
765 1843 892 1916 electo:
950 1840 1056 1912 Hunc
1086 1867 1220 1910 morem
1248 1857 1281 1910 et
1334 1831 1432 1905 dedit
1456 1831 1555 1903 dona
1581 1828 1812 1922 homiuibus,
1850 1834 1950 1907 allos
1973 1833 2195 1934 prophetas,
2227 1839 2328 1912 alios

292 1965 358 2010 nos
381 1965 580 2024 servamus,
620 1957 660 2014 ut
680 1945 764 2029 scis,
803 1969 842 2012 ac
865 1945 1019 2012 delector
1044 1944 1125 2012 ritu.
1190 1943 1280 2012 Nam
1332 1945 1516 2033 pastores,
1550 1933 1649 2006 alios
1675 1933 1846 2012 doctores.
1897 1937 2045 2026 Certum
2066 1954 2118 2012 est
2139 1943 2237 2012 enim
2260 1941 2328 2015 hac

292 2043 472 2133 impositio
498 2067 623 2114 manus
648 2046 844 2114 celebratur
866 2046 903 2113 in
920 2044 1071 2125 Genesi,
1104 2046 1140 2113 in
1168 2041 1288 2129 histo„
1334 2039 1506 2108 sententia
1524 2039 1708 2124 affirmari,
1740 2042 1835 2132 quod
1851 2041 1889 2108 in
1903 2037 2080 2130 Ecclesia,
2113 2043 2152 2112 in
2175 2069 2245 2137 qua
2268 2071 2327 2115 re-

254 2141 486 2261 'ialacolu
522 2172 601 2214 cum
619 2147 841 2215 benedicitur
855 2147 936 2214 liliis
952 2141 1099 2238 loseph,
1126 2159 1159 2214 et
1181 2147 1282 2214 dein·
1334 2155 1387 2210 cte
1403 2153 1504 2210 sonat
1519 2137 1774 2230 Evangelium‚
1806 2143 1879 2212 siut
1902 2136 1987 2212 haec
2007 2145 2120 2231 dona,
2151 2147 2200 2216 sit
2216 2148 2329 2216 mini-

293 2267 373 2334 ceps
390 2241 524 2314 Aaroni
540 2261 575 2316 et
588 2244 718 2342 titiis⁸).
772 2245 859 2315 Item
875 2243 998 2317 hostiis
1019 2271 1144 2316 manus
1167 2250 1282 2338 impo-
1334 2243 1480 2313 sterium
1495 2265 1629 2313 verum.
1662 2238 1773 2323 †Hac
1789 2267 1844 2312 me
1860 2243 2100 2316 consolatione
2115 2249 2308 2322 sustento?

294 2349 492 2429 nebantnr,
526 2363 561 2418 et
578 2343 741 2418 Christus
764 2373 889 2418 marrus
910 2350 1116 2438 imponebat
1136 2350 1283 2418 infanti-
1382 2423 1388 2440 .
1435 2341 1517 2414 Scio
1540 2356 1700 2432 0P⁰rlere
1720 2358 1923 2435 perpetuam
1948 2368 2021 2414 ⁸⁵⁵8
2041 2343 2260 2434 Ecclesiam,
2294 2367 2329 2422 et

292 2447 374 2518 bus:
402 2443 541 2529 ἐπιθεὶς
556 2447 682 2530 αὐτοῖς
695 2444 762 2530 τὰς
772 2451 900 2542 χεῖρας
912 2452 1029 2544 inquit
1044 2445 1258 2520 Matthaeus.
1336 2469 1412 2513 eam
1424 2469 1499 2512 non
1515 2447 1668 2536 pendere
1684 2469 1724 2514 ex
1740 2446 1853 2514 titulis
1869 2441 2143 2538 Episcoporum,
2164 2451 2226 2520 sed
2246 2477 2330 2520 vere

393 2548 577 2622 Praeterea
603 2575 728 2643 magna
754 2552 943 2621 ministerii
964 2553 1018 2621 vis
1046 2565 1114 2621 est:
1156 2575 1282 2640 magna
1335 2570 1411 2614 eam
1444 2569 1515 2614 esse
1548 2559 1702 2630 coetum,
1743 2547 1806 2639 qui
1837 2563 1939 2616 sonat
1972 2573 2090 2620 vocem
2123 2549 2329 2642 Evangelii.

293 2651 454 2740 dignitas.
507 2651 591 2723 Ideo
609 2649 894 2723 honestissimum
912 2669 978 2738 est,
1006 2653 1155 2723 electum
1172 2655 1284 2722 mini-
1334 2645 1428 2737 Ergo
1445 2661 1479 2716 et
1494 2647 1731 2717 ministerium
1749 2648 1788 2716 in
1803 2673 1843 2718 eo
1859 2662 1962 2720 coetu
1978 2663 2039 2718 est.

292 2765 404 2822 strum
429 2753 504 2822 sisti
529 2779 645 2824 coram
663 2752 836 2837 Ecclesia,
866 2756 1106 2823 commendari
1123 2753 1199 2826 Deo
1215 2779 1283 2846 pu·
1431 2745 1545 2817 D0100
1562 2749 1705 2841 quidem
1720 2748 1844 2818 divelli
1859 2753 1924 2818 Hbs
1940 2751 2089 2835 abillis,
2114 2751 2178 2844 qui
2203 2765 2330 2827 tenent

290 2855 385 2922 blica
407 2857 628 2948 precatione,
667 2854 868 2924 confirmari
899 2856 1038 2944 collegii
1067 2857 1280 2932 testimonio.
1333 2848 1548 2918 ordinariam
1563 2862 1783 2940 potestatem:
1818 2849 1888 2921 Sed
1905 2851 1972 2943 ipsi
1989 2876 2071 2938 110⁸,
2100 2855 2178 2922 Sine
2202 2873 2328 2930 nostra

290 2951 388 3024 Haec
404 2955 490 3024 olim
507 2981 642 3026 summa
659 2981 740 3027 cum
755 2955 924 3046 gravitate
940 2957 1088 3042 fiebant,
1110 2972 1149 3028 ut
1165 2954 1281 3029 adbuc
1333 2950 1436 3042 culpa
1459 2951 1642 3024 abiiciunt·
1699 2949 1817 3020 Foveo
1839 2952 1946 3042 igitur
1969 2967 2139 3046 quantum
2169 2982 2328 3048 possum,

289 3057 367 3124 fieri
385 3058 550 3146 optarim.
1334 3065 1367 3120 et
1394 3053 1561 3120 omnibus
1591 3076 1668 3121 sum
1697 3046 1858 3124 hortator
1889 3055 2035 3124 fovendi
2064 3050 2131 3125 hoc
2160 3075 2326 3131 nostrum

392 3158 460 3228 Sed
495 3160 613 3243 vides,
650 3184 739 3252 quae
770 3160 816 3229 sit
847 3159 1054 3251 disciplinae
1080 3161 1281 3253 dissipatio.
1333 3176 1475 3243 corpus,
1510 3155 1604 3244 quod
1630 3150 1823 3231 Ecclesiam
1843 3155 1911 3226 Dei
1931 3158 2063 3241 sentio,
2099 3171 2134 3227 et
2158 3161 2327 3252 dissipari

291 3257 360 3327 Vix
378 3261 422 3328 ab
440 3261 501 3330 1110
519 3261 649 3350 c0lleg³
665 3275 726 3332 tuo
744 3254 924 3352 impetrari
941 3275 1073 3353 posset,
1105 3265 1205 3335 mad
1227 3277 1280 3333 aa.
1332 3254 1482 3324 nollem:
1516 3251 1565 3324 Et
1588 3277 1633 3322 ne
1658 3255 1903 3346 dissipationes
1927 3258 2168 3345 exorirentur,
2195 3266 2327 3334 multas

289 3361 357 3428 lem
383 3363 488 3430 ritant
513 3363 551 3431 in
575 3364 747 3454 temptum
772 3364 918 3437 veniret.
971 3363 1010 3434 si
1029 3352 1125 3434 hune
1143 3389 1277 3435 morem
1331 3354 1480 3426 iniurias
1495 3357 1720 3447 perferendas
1733 3379 1805 3426 esse
1820 3382 1957 3450 semper
1971 3359 2103 3432 censui.
2415 3445 2416 3452 Ν

288 3477 399 3546 amat,
425 3478 465 3533 nt
482 3487 599 3532 amare
616 3489 695 3534 eum
711 3467 825 3550 decet,
852 3489 915 3535 cur
934 3488 1007 3533 non
1023 3466 1194 3536 renovat?
1229 3465 1278 3538 Et
1431 3455 1550 3528 Habes
1564 3481 1653 3550 quae
1666 3459 1710 3528 de
1723 3458 2132 3549 impositionemanuum
2145 3483 2210 3552 ego
2223 3487 2327 3557 saepe
2409 3471 2416 3557 1'

205 3571 208 3586 ¹
286 3563 477 3634 instaurari
500 3565 537 3632 in
560 3562 727 3636 Ecclesiis
752 3565 1052 3658 frequentioribus
1075 3583 1166 3639 certe
1190 3569 1276 3639 utile
1329 3559 1608 3648 wgllflresolffli
1640 3553 1689 3629 El
1710 3581 1729 3628 ὃ
1750 3572 1785 3632 ῑθ
1808 3576 1969 3656 θΧΡθῦῐθ,
2002 3560 2182 3656 quid-libi
2205 3566 2325 3639 Videa-
2407 3566 2414 3616 ¹

286 3677 386 3737 esset.
1328 3672 1398 3730 lur-

387 3765 456 3836 Sed
473 3779 590 3836 tamen
605 3783 637 3838 et
652 3761 720 3836 hoc
735 3767 832 3836 dico:
859 3766 1110 3862 Vocatumseu
1126 3770 1274 3839 electum

285 3893 369 3936 voce
387 3892 526 3952 eonrm,
557 3891 663 3958 penes
678 3893 766 3960 quos
781 3883 832 3939 est
855 3870 911 3938 ius
934 3866 1168 3965 vocationis⁹)
1191 3873 1276 3940 fun·
1331 3885 2331 3926 -····-·····-····-····-·-·-·‘··-·--·—-

283 3983 423 4058 gentem
456 3970 652 4039 ministerio
679 3966 885 4061 Evangelii,
924 3971 1029 4038 etiam
1059 3972 1135 4040 sine
1163 3974 1273 4042 altero

283 4071 355 4140 ritu
375 4072 611 4160 impositionis
627 4095 814 4156 manuum,
840 4095 921 4140 vere
935 4072 1138 4142 ministrum
1151 4071 1275 4144 Evan-
1325 4049 1520 4124 N⁰·2737·
2125 4145 2132 4156 ,
2149 4067 2327 4184 EQ·

283 4172 365 4260 gelli
389 4195 477 4256 esse,
515 4197 614 4264 posse
637 4174 780 4258 docere,
811 4199 851 4243 ac
876 4173 1123 4244 administrare
1147 4174 1273 4246 Sacra·
1331 4147 1503 4178 w-

283 4287 411 4342 menta.
1595 4239 1597 4242 ’
1634 4229 1679 4318 V
1675 4235 1737 4315 ito
1772 4231 2009 4318 Theodoro.

384 4370 483 4443 Nihil
509 4375 602 4444 enim
627 4375 726 4446 addit
748 4376 911 4445 iurisaut
930 4376 1272 4468 potestatisimposi-
1393 4353 1597 4490 Eggggvg
1618 4413 1816 4484 p.47⁵iq.-
1839 4411 2328 4492 tticunutograptoincod.ttto-
2415 4391 2417 4428 ³

282 4475 333 4544 tio
359 4500 543 4545 mamurra:
587 4475 657 4548 Sed
685 4490 736 4546 est
758 4477 948 4546 declaratio
973 4491 1008 4547 et
1029 4481 1270 4571 comprobatio
1426 4501 1486 4536 ¹¹²⁶·
1504 4481 1524 4536 ¹·
1544 4499 1570 4552 Ρ·
1585 4481 1645 4574 576·
2124 4505 2133 4517 “

282 4579 494 4661 vocationis,
525 4579 568 4646 de
589 4601 656 4669 qua
682 4593 841 4648 constare
867 4601 1005 4646 necesse
1027 4595 1085 4651 est.
1140 4577 1188 4651 Et
1209 4607 1270 4652 va-

282 4679 374 4762 lent,
409 4681 513 4750 etiam
529 4677 751 4748 Sacramenta
772 4693 917 4770 propter
937 4681 1198 4751 ordinationem
1214 4685 1270 4751 di-

280 4779 418 4863 vinam,
442 4782 530 4849 sicut
548 4805 615 4849 vox
632 4771 835 4869 Evangelii:
869 4777 1118 4874 Evangelium
1138 4792 1190 4852 esl
1204 4808 1270 4879 po·
1511 4846 1515 4854 .

281 4878 396 4948 tentia
411 4877 490 4949 Dei
504 4874 738 4950 adsalutem.
788 4881 860 4952 Nee
876 4883 1048 4953 differunt
1062 4885 1136 4954 veri
1151 4901 1269 4977 pasto·
1322 4857 1368 4948 S·
1395 4875 1441 4952 1).
1491 4876 1683 4948 Humano
1697 4871 2007 4976 γραμματοφόρῳ
2024 4877 2141 4952 literas
2157 4887 2255 4974 dedi,
2282 4891 2324 4962 in
2415 4849 2416 4941 l

1323 4981 1453 5072 quibus
1477 4983 1680 5072 complexus
1702 5004 1779 5048 sum
1800 4983 1964 5050 materias
1982 4977 2117 5063 οἰκείας
2129 4979 2327 5084 ἡμετέροις
2414 4985 2415 5048 i

1322 5075 1537 5179 γράμμασι,
1578 5081 1641 5176 qui
1661 5082 1804 5150 fortasse
1828 5095 2023 5154 antevertat
2047 5079 2143 5155 hunc
2170 5093 2326 5163 tabella·

472 5261 479 5274 ·
886 5257 892 5274 ,
1323 5185 1426 5254 rium.
1489 5185 1560 5258 Sed
1589 5179 1680 5254 hanc
1704 5177 1901 5272 Epistulam
1929 5178 2013 5254 huic
2045 5187 2213 5274 magistro
2237 5191 2326 5262 An·

311 5260 341 5400 ξ)
360 5257 1000 5397 Prpquisuntcod.¹M0naei1hpb¹etzpdppa⁸
1324 5279 1430 5354 ἄνισα
1444 5281 1580 5356 Kelzel
1597 5283 1696 5367 dedi,
1729 5297 1812 5353 nato
1836 5285 1874 5353 in
1891 5286 2027 5355 ditione
2044 5283 2322 5378 Mansfetdensi,
2413 5339 2414 5350 .

311 5351 340 5498 εἰ
356 5361 821 5482 ἕῖζᾚᾚίἷῖἱεῇᾞοῦζζ,
839 5361 870 5478 {n
885 5361 983 5480 &05:³2
1003 5361 1026 5398 ε’
1323 5389 1385 5480 qui
1410 5403 1488 5479 post
1503 5400 1651 5457 mortem
1667 5387 1777 5475 patris
1794 5380 1933 5458 honesti
1948 5401 1982 5456 et
1997 5387 2049 5480 pii
2064 5391 2179 5477 senis,
2207 5394 2322 5466 Nori-

308 5517 337 5586 9)
355 5513 549 5574 contionis.
565 5520 686 5568 tantum:
704 5525 769 5566 voce
784 5513 969 5596 superassem.
1323 5491 1463 5580 bergam
1497 5492 1542 5560 ad
1575 5489 1819 5578 componenda
1851 5491 2023 5583 quaedam
2057 5495 2199 5582 negotia
2232 5523 2317 5567 cnm

1328 4637 1368 4713 V
1374 4637 1390 4708 i
1397 4647 1410 4706 l
1421 4661 1442 4706 o
1467 4631 1737 4721 Theodoro,
1763 4632 1906 4708 docenti
1921 4637 2073 4740 Evaag.
2091 4641 2132 4714 in
2147 4643 2324 4722 Ecclesia

1715 4732 1914 4836 Noriberg.
2415 4761 2416 4846 p

312 5175 341 5241 5)
361 5173 429 5229 cot.
441 5173 554 5227 Monac.
565 5170 604 5226 'sie
616 5172 777 5226 Brentium.
