4890 6250
682 317 954 397 anninus
985 313 1176 398 errae
1200 317 1339 400 Mun.
1385 318 1530 402 *tuta
1582 344 1587 353 ’

30 415 192 520 lusu

137 519 188 590 14,
228 501 300 568 Dan
315 501 472 570 Saxcrriae
481 500 604 566 Elector
620 498 712 585 Spira
725 507 829 568 relicta
841 502 970 568 &man
983 504 1192 586 proliciua'tur.
1227 534 1231 549 ·
1335 527 1337 537 ·

30 689 31 712 r
138 641 188 706 ta.
227 634 374 718 Sabinus,
402 641 456 725 qui
468 637 568 702 adhuc
584 634 691 720 Spirae
704 599 782 717 est:
793 642 911 723 quaerit
923 638 1089 704 divortium
1102 639 1139 700 ab
1153 656 1260 698 uxore.

128 775 176 840 ii·
227 771 397 838 &maaria
411 775 513 837 scribit
529 776 651 856 prolixe
662 775 700 836 de
715 777 850 839 moribus
863 771 981 839 Sabini.
1032 771 1989 855 via.artsmeptsr.ad.24.lt1att,dt.1s.er14.1uu.
2086 806 2090 820 ·

138 903 185 974 ii.
223 905 266 970 1ο.
280 904 429 992 Stigelius
443 930 571 971 uxorem
586 908 681 974 ducit.
1419 913 1425 934 ⁶

142 1043 186 1106 tt·
225 1041 410 1108 homiliariis
428 1042 552 1106 Ducum
569 1042 765 1107 Pomeraniae
782 1047 886 1107 scribit
899 1043 937 1106 da
950 1045 1094 1127 episcopo
1113 1043 1265 1124 eligendo.

138 1164 189 1326 hm:
223 1241 295 1325 Agit
311 1263 383 1305 cum
399 1237 533 1322 Sabinu,
559 1245 614 1326 qui
630 1263 760 1304 uxorem
772 1245 930 1326 repudiare
944 1244 1074 1306 volebas

158 1375 182 1436 7,
220 1361 315 1426 Mittit
331 1361 501 1427 Camerario
519 1375 550 1425 et
563 1361 706 1446 Zieglerc
725 1377 840 1448 partem
854 1368 999 1428 orationis
1015 1365 1051 1426 de
1064 1359 1183 1447 Spiritu
1198 1374 1312 1425 sancto.

137 1494 180 1554 lo.
218 1482 332 1548 Scribit
346 1485 507 1548 exordium
519 1489 744 1550 consututicuis
757 1484 941 1552 Academiae
958 1459 1097 1550 ¹Francoi'.
1114 1491 1148 1550 in
1163 1506 1253 1564 usum
1267 1481 1403 1562 Sabinis
1419 1498 1448 1546 et
1464 1480 1612 1548 Sabinum
1626 1485 1817 1548 commendat
1833 1479 1961 1548 Alberto
1974 1475 2067 1542 Duci-

130 1609 173 1671 lt·
216 1607 302 1671 Finis
317 1611 513 1670 comitiorum
527 1604 726 1690 spirensium.

129 1725 171 1788 13·
216 1727 329 1808 Anna,
364 1727 471 1793 Sabini
487 1750 587 1810 uxor,
619 1752 690 1793 cum
707 1733 810 1794 liberis
825 1733 888 1793 abit
903 1732 941 1793 ad
957 1736 1110 1796 maritum.
1163 1727 1249 1808 Una,
1276 1741 1350 1790 natu
1363 1730 1464 1791 minor
1476 1731 1560 1809 lilia,
1590 1743 1723 1792 remanet
1737 1729 1820 1811 apud
1833 1724 2075 1792 Melanthcaem.

124 1841 170 1904 18·
216 1849 332 1915 Scribit
347 1851 384 1913 de
400 1854 567 1913 elevatione
582 1856 758 1916 sacramenti
772 1858 805 1915 in
821 1874 914 1915 coena
928 1876 954 1921 s.
1894 1937 1898 1942 .

163 1997 169 2016 ·
215 1973 404 2036 Valetudine
421 1972 509 2035 ralde
525 1976 653 2039 laborat.
678 2008 731 2022 -
769 1971 902 2058 Georgia
917 1972 1087 2038 Anhaltino
1103 1975 1267 2054 gratulatur
1282 1973 1491 2054 episcopatum
1503 1969 1789 2055 Mersebnrgensem.

116 2205 172 2238 -.
215 2167 356 2236 Laborat
368 2171 455 2232 valde
469 2173 596 2233 calculo.
624 2209 673 2224 -
713 2170 900 2238 Camerarius
913 2139 1022 2256 Lipsia
1036 2171 1174 2250 advenit,
1199 2183 1321 2254 accepto
1337 2173 1451 2234 nuncio
1468 2169 1505 2233 de
1522 2171 1629 2237 morbo
1642 2149 1860 2233 Melanthonis.

109 2287 175 2355 hu.

137 2313 167 2464 ξ
214 2367 296 2434 illel.
320 2367 358 2428 ad
378 2364 492 2430 Vitam
512 2365 729 2432 Theodorum:
775 2367 890 2451 „illisit
908 2372 969 2434 huc
989 2367 1180 2432 Amadorfius
1207 2391 1362 2432 censuram
1388 2367 1577 2433 Coloniensis
1597 2365 1836 2431 Reformatic'nis
1860 2369 2016 2443 acerbam,
2054 2379 2131 2446 quae
2244 2360 2248 2366 ’

267 2483 402 2551 „tamen
415 2467 555 2534 Luthero
569 2476 652 2534 mitis
666 2473 802 2553 ridetur,
836 2487 866 2537 et
881 2478 1039 2538 classicum
1051 2477 1124 2535 novi
1138 2475 1308 2536 certaminis
1323 2478 1385 2554 jam
1401 2475 1514 2536 audiri.
1566 2469 1602 2535 Si
1620 2477 1755 2555 coeperit
1768 2484 1870 2534 noster
1882 2469 2012 2534 Pericles
2034 2465 2071 2526 de
2094 2486 2130 2525 ea

264 2595 331 2653 „re
346 2578 561 2637 contumeliose
577 2577 693 2654 dicere,
721 2567 909 2642 discedam.''
933 2611 985 2624 -
1026 2567 1155 2664 (Libera
1192 2576 1409 2656 „Rel'crmatio
1427 2569 1659 2651 Coloniensis”,
1687 2575 1838 2639 aBucero
1855 2581 2003 2658 scriptus,
2025 2591 2044 2630 a
2059 2565 2131 2630 Me-

261 2676 414 2739 lanthone
434 2680 577 2759 probatus
596 2682 677 2739 etin
700 2682 879 2763 quibusdam
902 2685 1035 2764 partibus
1054 2693 1177 2761 auctus,
1210 2683 1317 2742 deiude
1341 2684 1377 2741 ab
1393 2678 1634 2764 Archiepisccpo
1651 2679 1826 2742 Hermanno
1849 2681 1964 2755 editus,
1988 2686 2036 2736 ,et
2048 2669 2131 2738 Duri

262 2777 422 2842 Saxoniae
437 2777 571 2844 Electori
584 2785 710 2860 missus,
745 2784 934 2846 abhociam
953 2786 983 2850 d.
1002 2781 1431 2850 circumamiciatur
1452 2784 1531 2864 fuit,
1564 2797 1598 2846 ut
1622 2787 1647 2844 is
1671 2783 1708 2844 de
1730 2805 1765 2844 eo
1790 2783 1901 2846 diceret
1923 2765 2130 2866 sententiam.)

260 2882 329 2944 Hic
343 2885 503 2945 articulum
519 2885 555 2945 de
565 2888 663 2947 libero
678 2887 801 2948 arbitrio
817 2901 847 2949 at
861 2891 999 2971 inprimis
1014 2889 1176 2948 articulum
1191 2889 1228 2948 de
1244 2910 1337 2950 coena
1352 2910 1433 2950 sacra
1449 2889 1535 2951 valde
1551 2887 1743 2970 reprehendit
1758 2899 1787 2948 et
1803 2887 1937 2949 incendit
1946 2881 2128 2959 Lutherum,

261 2997 302 3048 ut
316 2981 508 3049 Melanthoni
523 3001 552 3048 et
565 2985 685 3052 Bucerc
700 2991 891 3071 irasceretur,
918 3005 948 3053 et
962 2995 997 3052 in
1011 2993 1207 3055 concionibus
1221 2994 1351 3073 publicis
1368 3005 1398 3054 et
1413 2994 1448 3054 in
1463 2996 1582 3072 scriptis
1596 2996 1629 3052 iu
1646 2989 1798 3054 Buoerum
1813 3004 1842 3053 et
1855 2992 2033 3054 seutentiam
2048 2983 2126 3046 Hel-

259 3091 393 3152 veticam
414 3090 454 3151 de
473 3112 566 3152 coena
588 3113 669 3153 sacra
690 3093 854 3161 inveheret.
878 3090 930 3158 cf.
956 3099 1082 3156 omnino
1098 3091 1247 3158 Secltend.
1262 3098 1296 3156 iu
1311 3096 1382 3158 hist.
1402 3090 1500 3160 Luth.
1516 3098 1570 3162 lib.
1586 3091 1645 3156 lll.
1671 3117 1704 3176 p·
1720 3093 1805 3162 44⁵.
1829 3107 1859 3157 et
1880 3097 1968 3176 epist.
1981 3087 2128 3152 Melanth-

257 3191 303 3253 ad
314 3189 443 3274 Myron.
461 3194 490 3255 d.
507 3193 535 3255 d.
555 3200 613 3261 10.
632 3191 706 3262 Oct.

113 3315 162 3378 ¹3·
205 3321 368 3390 Lntherus
382 3329 582 3408 proficiscitur
594 3327 633 3389 ad
645 3326 872 3411 Amadorfium,
904 3353 996 3418 aquo
1014 3333 1136 3394 demum
1150 3329 1182 3392 d.
1201 3333 1260 3396 27.
1276 3327 1361 3412 Aug.
1378 3332 1484 3412 rediit,
1510 3335 1605 3414 magis
1621 3334 1760 3394 incensus
1775 3330 1915 3394 adversus
1930 3331 2043 3391 librum
2059 3320 2126 3387 Co-

254 3433 430 3492 loniensem
445 3451 537 3514 quam
552 3443 653 3498 antea.

109 3555 164 3616 22·
209 3557 347 3644 Georgio
362 3558 534 3627 Anhaltino
548 3568 653 3627 scribit
668 3567 705 3628 de
719 3568 917 3644 ceremoniis,
945 3566 1034 3649 eique
1053 3566 1148 3627 mittit
1163 3569 1304 3647 exempla
1320 3565 1575 3631 testimoniorum.

112 3687 161 3752 Ξ8·
205 3695 330 3761 Bucerc
345 3699 447 3759 scribit
464 3696 721 3798 deirpLutheri:
758 3699 838 3781 „ille
854 3689 1006 3790 (inquit),
1034 3713 1063 3762 et
1079 3699 1292 3782 Crucigerum,
1319 3714 1353 3764 ut
1366 3701 1476 3782 audio,
1504 3723 1566 3766 cras
1583 3705 1702 3766 vocabit
1718 3671 1823 3792 [duod
1838 3722 1901 3763 ncn
1916 3701 2029 3764 iactum
2045 3683 2125 3786 est].

257 3799 329 3882 Ego
347 3822 415 3861 sum
432 3807 691 3886 tranquillioris,
724 3827 780 3867 nec
795 3808 909 3867 invitus
925 3826 964 3864 ex
976 3803 1036 3866 hoc
1052 3809 1202 3886 ergastulo
1219 3805 1388 3884 discedam,
1416 3809 1443 3866 si
1459 3807 1587 3870 infestus
1603 3829 1652 3868 me
1665 3808 1795 3886 urgebit.
1806 3797 1822 3822 ”

107 3927 156 3986 31.
205 3931 367 3998 Lethemr
385 3939 571 3999 cromano
587 3937 829 4022 scriptuttcrrsa
845 3935 1033 4018 ffirirnctnii
1047 3949 1117 4006 cont
1136 3935 1337 4022 dissuescit)
1352 3933 1466 4002 hellin
1485 3942 1522 4003 de
1538 3962 1618 4004 sacra
1633 3961 1726 4004 coena
1739 3945 1891 4001 marsum.

91 4045 164 4136 Sept.

126 4165 158 4224 7·
205 4131 354 4232 (ituciger
369 4146 469 4194 narrat
485 4139 719 4199 controversiam
731 4138 809 4196 inter
824 4131 996 4198 Lutherum
1013 4149 1043 4197 et
1057 4135 1131 4201 illel.
1147 4137 1185 4200 dc
1202 4159 1295 4200 coena
1311 4159 1401 4199 sacra.

106 4261 156 4326 21.
203 4265 274 4330 l’ax
285 4271 366 4330 inter
381 4265 544 4349 Carolum,
578 4267 794 4355 Imperatorem
808 4283 950 4352 etregem
968 4267 1094 4335 Galliae.

103 4381 155 4448 27·
202 4385 283 4456 Mel.
300 4389 454 4472 praefatur
467 4391 500 4448 in
515 4385 643 4451 Burenii
660 4395 827 4452 oraticnem
841 4391 878 4451 dc
894 4389 1004 4452 scholis
1019 4393 1131 4459 literar.
1143 4403 1223 4454 recte
1239 4391 1440 4454 instituendis.

93 4503 154 4658 39.
201 4503 333 4568 Edtrum
350 4519 395 4570 est
407 4501 540 4572 Lurheri
557 4503 659 4590 turres
676 4503 862 4591 attrectati
878 4520 948 4575 occt
964 4503 1031 4592 bril.
1046 4505 1232 4593 discindit
1247 4507 1339 4575 nitar
1353 4506 1397 4578 tit
1410 4506 1618 4590 &unitura

119 4615 156 4666 er.

124 4709 153 4768 1.
202 4701 282 4766 hiel.
297 4705 414 4766 calculo
432 4705 557 4765 laborat.

119 4843 149 4902 7.
202 4835 409 4900 Proficiscitur
422 4834 563 4920 Lipsiam
577 4841 609 4900 iu
622 4836 781 4900 nundinas.

99 4978 150 5040 10.
200 4969 352 5054 Myconic
373 4975 494 5035 scribit:
535 4995 597 5036 sese
610 4990 764 5035 excusasse
776 4964 915 5034 Lutherc
935 4973 1019 5056 quod
1034 4977 1139 5036 attinet
1154 4973 1193 5036 ad
1206 4975 1318 5036 librum
1334 4971 1547 5038 coloniensem
1561 4975 1598 5040 de
1612 4997 1706 5040 coeca
1719 4995 1816 5050 sacra,
1843 4984 1872 5037 et
1885 4971 1984 5036 addit:
2023 4969 2117 5049 „Ar-

260 5075 382 5152 „bitrcr
398 5079 426 5136 ei
439 5076 632 5138 satisi'actum.
691 5071 752 5135 Sed
766 5076 792 5134 si
808 5078 975 5160 intelligam
992 5099 1055 5139 non
1072 5101 1134 5140 esse
1155 5077 1357 5158 satisfactum,
1392 5078 1631 5160 demigratione
1654 5081 1730 5141 mihi
1754 5077 1948 5158 cogitandum
1972 5077 2046 5151 erit,
2081 5086 2115 5136 ut

255 5199 331 5254 „me
344 5181 436 5240 etiam
453 5201 538 5242 meus
554 5179 645 5241 irater
659 5177 806 5240 hortatur.
815 5165 835 5196 ''
1834 5161 1838 5173 ¹

134 5368 137 5377 ,
197 5305 285 5372 Loci
297 5309 461 5394 theologici
473 5328 605 5377 recenter
622 5313 706 5379 editi.
735 5301 804 5402 (De
819 5313 928 5398 quibus
944 5313 1101 5378 rideantur
1118 5337 1195 5402 quae
1212 5320 1331 5400 scripsit
1346 5316 1384 5378 ad
1399 5313 1510 5380 Vitum
1525 5313 1644 5380 Theod.
1664 5315 1695 5376 d.
1718 5322 1774 5383 10.
1790 5309 1872 5375 Nor.
1889 5311 1920 5374 h.
1938 5309 1984 5390 a.)

99 5449 148 5510 18.
167 5500 171 5559 Ι
196 5443 304 5508 Vertit
316 5459 497 5528 postremam
512 5453 661 5533 pagellam
674 5446 841 5512 Ptolemaei
857 5448 894 5513 de
909 5449 1141 5528 directionibus,
1168 5467 1198 5516 et
1212 5464 1399 5518 enarraturus
1417 5465 1461 5518 est
1474 5451 1606 5516 eiusdem
1617 5445 1897 5532 Quadripertitum,
1920 5444 2041 5508 Horatii
2062 5465 2111 5509 ar-

166 5564 171 5634 (
255 5559 314 5610 tem
328 5553 480 5633 pc‘a'ticam
495 5565 525 5616 st
538 5554 726 5617 dialecticen.
