4842 6256
89 353 169 430 soa
681 341 1128 424 sersaonanun
1173 339 1287 426 nm.
1312 313 1378 428 ix.
1430 345 1564 430 sota.
2003 279 2005 292 ⁵
2067 349 2146 429 sse

89 525 200 598 etiam
215 537 337 597 utrum
352 548 420 594 vox
437 523 555 619 aliqua
577 522 684 596 certis
704 519 919 595 testimoniis
941 521 1035 592 edita
1060 533 1095 591 et
1142 515 1322 594 Ecclesiae
1337 522 1442 594 initia
1457 533 1491 594 et
1504 521 1769 614 propagationis
1783 521 1984 598 testimonia
1998 545 2144 598 suman·

89 628 275 724 mornado
290 621 483 721 propagata
504 625 623 700 fucrit.
665 621 762 695 Haec
778 648 858 702 cum
875 623 914 692 in
931 618 1092 718 Aegypto
1142 637 1221 711 tur,
1246 626 1410 714 dogmata
1434 624 1673 700 conferantur.

88 725 367 803 Mathematicos
382 729 533 813 audiret,
562 727 664 798 facilc
680 751 722 796 ex
738 725 866 795 vicinis
881 723 1021 796 ludaeis
1036 725 1092 796 di·
1244 722 1345 796 Nihil
1359 739 1495 798 norunt
1509 719 1721 820 Philosophi
1736 729 1781 800 de
1797 753 1899 801 causa
1913 730 2071 822 peccati,
2097 729 2141 800 de

90 855 187 904 scere
217 843 366 924 poterat.
433 827 505 901 Sed
531 843 566 901 et
597 852 718 899 vocem
746 841 782 899 et
804 825 1000 898 Ecclesiam
1024 825 1092 898 Dei
1143 851 1244 899 causa
1257 829 1382 899 mortis
1397 842 1431 900 et
1445 828 1643 918 ingentium
1659 827 1896 902 calamitatum
1913 833 2052 922 generis
2069 828 2139 904 hu-

89 933 245 1006 maxima
262 956 344 1027 pars
361 926 550 1003 hominum
563 954 702 1022 semper
718 943 938 1024 aspernatur.
1141 930 1259 1016 mani,
1284 925 1379 1000 nihil
1396 934 1440 1000 de
1457 928 1680 1001 restitutione
1703 955 1743 1001 ac
1761 934 1834 1003 vita
1854 947 2006 1011 aeterna.
2061 932 2138 1006 Το-

1142 1031 1208 1102 ties
1227 1047 1423 1126 quaerunt,
1439 1033 1534 1103 unde
1551 1045 1690 1103 tantum
1705 1034 1752 1104 sit
1768 1034 1991 1106 miseriarum
2007 1037 2046 1106 in
2065 1048 2136 1107 tam

1141 1135 1332 1225 praestanti
1348 1148 1479 1205 natura
1492 1135 1631 1224 generis
1645 1129 1820 1205 humani?
1871 1136 1995 1208 Toties
2019 1140 2135 1210 excla-

1140 1250 1240 1306 mant
1255 1237 1479 1327 deplorantes
1491 1251 1564 1307 tam
1580 1259 1675 1306 aeres
1692 1251 1727 1308 et
1742 1240 1904 1310 ardentes
1920 1241 2073 1332 impetus
2089 1243 2136 1312 ad

1141 1338 1238 1407 vitia.
1278 1337 1412 1428 Vident
1429 1337 1616 1427 languidas
1631 1361 1704 1408 esse
1720 1340 1869 1412 virtutes
1884 1355 1920 1412 et
1934 1343 2037 1414 facile
2053 1367 2136 1414 eva-

195 1087 381 1178 Quorsum
395 1098 511 1156 autem
523 1080 591 1156 hoc
608 1098 677 1155 tam
692 1079 817 1176 procul
830 1083 1018 1177 repetitum
1032 1107 1092 1152 er-

98 1191 237 1262 ordium
249 1187 427 1282 pertinet?
466 1185 547 1258 Huc
563 1187 748 1272 videlicet,
762 1201 804 1258 ut
820 1185 989 1269 sciamus,
1004 1209 1091 1255 nus-

98 1317 202 1388 quam
223 1315 297 1362 esse
330 1314 449 1360 veram
472 1287 541 1360 Dei
561 1285 776 1373 Ecclesiam,
807 1287 878 1356 nisi
900 1289 994 1380 apud
1019 1310 1089 1366 eas

93 1395 158 1488 qui
180 1395 291 1464 libros
304 1388 536 1485 Propheticos
563 1403 598 1460 et
619 1385 844 1482 Apostolicos
869 1390 1091 1480 amplectuu-

89 1511 169 1615 tur)
197 1517 375 1588 nmquam
390 1490 506 1612 peum
521 1504 613 1562 recte
638 1515 819 1577 mmm
844 1515 914 1610 ΨΜ
937 1493 1001 1561 ιὼι
1019 1492 1090 1608 .d⁰'
1140 1539 1384 1628 Mardonium,
1410 1555 1445 1612 et
1461 1537 1679 1628 Alexandro,
1705 1541 1779 1614 imo
1796 1541 2084 1618 inThemistocle
2099 1560 2133 1617 et

89 1611 208 1668 ctrina
230 1591 360 1667 horum
388 1596 564 1666 labrorum
591 1594 694 1666 lucet.
754 1591 836 1682 Qua
859 1617 898 1661 m
921 1617 959 1662 re
983 1608 1087 1663 ettam

89 1695 115 1770 h
201 1700 211 1717 ,
436 1698 444 1715 ,
604 1695 614 1713 .
792 1695 801 1711 .
1139 1643 1219 1712 aliis
1236 1644 1369 1716 multis.
1421 1638 1630 1715 Aristoteles
1644 1647 1802 1738 quaerit,
1828 1659 1869 1717 ut
1883 1648 2035 1719 aliorum
2055 1649 2135 1720 ani-

115 1725 159 1770 oc
182 1698 361 1788 singulare
378 1694 447 1767 Der
468 1695 678 1766 beneficium
704 1695 1001 1764 considerandum
1020 1707 1088 1812 ἐει,
1138 1746 1312 1818 mantiam
1335 1746 1382 1814 im
1406 1741 1583 1815 humanae
1605 1747 1730 1816 mortis
1744 1771 1884 1818 eausam
1909 1749 1949 1820 in
1971 1751 2133 1838 materia,

88 1803 188 1896 quod
209 1795 307 1872 Deus
338 1813 373 1870 ‘l
398 1812 578 1871 ⁰⁰⁰²⁸¹²¹²¹
610 1797 725 1867 v⁰¹¹¹¹t
755 1811 927 1888 mmmm
961 1818 1088 1864 senem
1138 1869 1250 1940 eoque
1274 1846 1510 1939 privationem
1532 1846 1627 1918 inter
1648 1848 1824 1941 principia
1842 1874 1962 1921 rerum
1986 1867 2132 1924 natura·

88 1925 254 2022 ⁰fn¹¹¹i¹m
269 1913 548 2018 tempmm'ft
562 1923 625 1968 ⁵¹²³
641 1921 726 1968 ⁶⁰²³
747 1894 814 1968 h⁰⁵
836 1899 947 2018 ¹¹.b‘⁰⁵
969 1921 1087 2016 serva·
1137 1949 1225 2018 lium
1242 1963 1413 2033 recenset,
1437 1963 1477 2020 ut
1501 1950 1660 2020 assiduos
1682 1950 1801 2042 lapsus
1812 1953 1977 2025 materiae
1991 1979 2078 2026 ruen
2088 1954 2134 2028 tis

88 2019 160 2092 vrt3
190 2029 263 2074 rmo
279 2005 324 2074 ad
337 1997 466 2073 horum
482 2003 657 2073 labrorum
673 2015 976 2071 conservationem
995 1998 1087 2091 poh-
1137 2052 1431 2121 adaliasformas
1449 2054 1716 2144 quoquomodo
1739 2053 1884 2128 indicet·
1930 2051 1980 2128 A,
2003 2053 2062 2129 hi,
2086 2057 2133 2128 Η,

88 2109 138 2178 fi³
153 2106 308 2178 ¹⁰⁰³³i⁰³
321 2105 510 2176 mmmm
525 2117 593 2188 ⁶⁸²²
608 2126 698 2197 ‘1⁰³⁰
713 2103 799 2195 quid
816 2102 885 2173 suit
899 2102 969 2172 ”isi
984 2097 1087 2170 θάψ’
1137 2154 1200 2223 ber
1215 2155 1320 2244 longe
1334 2151 1442 2222 aliam
1458 2175 1597 2224 causam
1616 2168 1651 2225 et
1673 2156 1798 2224 mortis
1821 2151 1999 2228 humanae
2020 2173 2056 2232 et
2075 2159 2129 2229 vi-

89 2209 123 2280 la
139 2221 176 2282 et
189 2203 405 2282 bibliotheca
419 2202 549 2277 horum
566 2204 767 2276 librorum?
1137 2256 1270 2327 tiorum
1292 2255 1466 2340 ostendit,
1501 2254 1722 2325 aversionem
1746 2257 1911 2330 videlicet
1937 2283 1958 2328 a
1980 2258 2057 2331 Deo
2090 2263 2129 2332 in

191 2361 290 2434 Fons
305 2373 357 2432 est
372 2373 489 2432 autem
504 2355 641 2451 prim'us
656 2356 749 2428 liber
762 2356 892 2442 Moisi,
918 2355 1019 2428 cuius
1040 2357 1087 2427 ti·
1137 2371 1264 2428 natura
1286 2353 1459 2442 humana,
1483 2381 1593 2450 quae,
1625 2381 1767 2428 excussa
1792 2358 1871 2429 luce
1890 2373 1925 2430 et
1949 2362 2130 2452 agnitione

90 2466 189 2538 tulus
211 2480 264 2537 est
275 2457 447 2544 Genesis,
473 2485 579 2557 quem
602 2461 761 2530 fortassis
784 2461 946 2530 derident
967 2453 1086 2530 homi·
1136 2457 1206 2531 Dei
1228 2473 1262 2530 et
1284 2460 1374 2545 vita,
1405 2459 1589 2530 accersivit
1618 2459 1688 2530 sibi
1718 2460 1962 2532 confusionem
1988 2466 2132 2552 virium,

89 2591 152 2638 nes
172 2562 371 2662 prophani,
401 2589 465 2634 nee
489 2563 633 2636 differre
657 2575 782 2654 putant
812 2560 980 2631 aTimeo
1003 2560 1087 2631 Pla·
1136 2562 1271 2632 diaboli
1292 2561 1519 2656 tyrannidem
1542 2575 1575 2632 et
1590 2575 1752 2633 mortem.
1789 2560 1930 2634 Horum
1952 2567 2129 2640 malorum

90 2671 204 2754 tonis,
237 2670 277 2739 in
299 2693 371 2764 quo
393 2667 502 2737 etiam
523 2665 695 2736 extructio
720 2664 847 2734 mundi
862 2663 1084 2737 describitur.
1136 2665 1344 2754 magnitudo
1366 2677 1400 2734 et
1414 2665 1579 2736 atrocitas
1593 2679 1777 2759 conspecta
1792 2679 1844 2736 est
1858 2668 1981 2757 primis
1999 2693 2130 2762 paren-

92 2771 160 2844 Scd
182 2772 264 2864 pius
285 2772 399 2841 lector
420 2769 501 2850 scit,
530 2767 656 2858 ingens
684 2789 758 2836 esse
779 2766 969 2836 discrimen
1001 2790 1086 2857 pro·
1136 2767 1231 2839 tibus
1250 2767 1291 2836 in
1309 2765 1501 2858 parricidio
1517 2764 1627 2852 Cain,
1652 2781 1687 2840 et
1706 2767 1787 2837 aliis
1808 2763 1998 2842 horrendis
2020 2772 2130 2844 scele—

96 2869 290 2964 phanarum
314 2870 591 2962 descriptionum
615 2882 651 2939 et
669 2863 797 2954 huius,
820 2867 970 2939 traditae
990 2868 1086 2938 divi·
1134 2870 1253 2953 ribus,
1285 2893 1375 2964 quae
1398 2869 1565 2940 viderunt
1586 2869 1625 2938 in
1648 2869 1711 2940 illo
1735 2870 1853 2962 primo
1868 2872 1957 2944 flore
1980 2867 2129 2946 humaui

98 2975 194 3049 nitus
246 2973 331 3045 Non
345 2985 484 3044 tantum
499 2974 542 3042 de
558 2995 746 3063 corporum
763 2970 877 3040 initiis
900 2985 934 3041 et
957 2982 1084 3041 natura
1135 2972 1291 3063 generis,
1320 2970 1382 3065 qui
1406 2987 1554 3044 naturae
1580 2972 1733 3063 puritate
1754 2986 1790 3044 et
1800 2975 2015 3066 praestantia
2027 2990 2130 3051 autc·

91 3071 148 3146 hic
168 3077 322 3164 dicitur,
346 3075 407 3146 sed
422 3071 519 3144 Deus
546 3073 769 3146 describitur.
820 3069 960 3142 Deinde
982 3073 1083 3142 initia
1135 3074 1267 3148 calluit.

87 3175 287 3266 Ecclesiae,
312 3191 458 3271 propter
474 3199 579 3270 quam
595 3189 729 3246 caetera
744 3174 886 3244 condita
903 3189 1003 3259 sunt,
1029 3199 1085 3247 re·
1230 3173 1376 3246 Deinde
1393 3175 1431 3244 in
1446 3177 1699 3268 propagatione
1724 3189 1759 3248 et
1783 3177 2041 3250 instauratione
2058 3174 2131 3252 Ec-

89 3283 265 3366 citantur,
289 3304 380 3374 quae
394 3278 478 3349 sciri
495 3291 718 3360 necassent,
743 3289 784 3346 ut
797 3277 967 3357 sciamus,
988 3278 1084 3346 unde
1135 3278 1259 3348 clasiae
1274 3278 1488 3369 proponitur
1512 3278 1661 3349 illustris
1675 3280 1813 3369 imago,
1836 3281 1875 3349 in
1889 3272 1960 3374 oua
1976 3295 2130 3373 apparet,

86 3383 135 3454 sit
146 3379 326 3452 Ecclesiae
349 3381 527 3464 doctrina,
548 3392 588 3460 ,et
612 3379 790 3473 quomodo
813 3392 1004 3470 propagata
1026 3380 1083 3451 sit.
1135 3377 1328 3450 Ecclesiam
1351 3402 1424 3447 non
1450 3401 1523 3472 esse
1538 3401 1686 3468 regnum
1711 3394 1773 3450 aut
1795 3382 1955 3472 politiam
1978 3385 2130 3454 munda-

85 3479 268 3556 Ethnicae
288 3483 553 3576 superstitiones
580 3482 802 3572 irrepserunt
825 3481 862 3548 in
896 3476 1083 3551 homiuum
1134 3505 1229 3567 nam,
1244 3494 1375 3572 septam
1391 3481 1535 3550 armatis
1554 3482 1756 3570 praesidiis,
1776 3483 1837 3551 sed
1855 3497 1975 3554 coetus
1990 3485 2127 3576 disper-

88 3586 335 3656 couventicula
358 3585 436 3656 sine
460 3583 563 3654 certis
580 3583 780 3667 autoribus,
807 3597 925 3674 postea
948 3607 1012 3674 per
1031 3584 1084 3652 fa·
1135 3608 1211 3665 sos,
1238 3595 1447 3652 nontamen
1463 3584 1650 3669 obscuros,
1673 3585 1732 3653 sed
1757 3583 2043 3658 circumferentes
2064 3613 2129 3658 vo·

86 3687 228 3758 naticos
264 3684 429 3758 homines
460 3685 569 3754 variis
602 3685 847 3755 occasionibus
886 3687 1084 3755 cumulatae
1135 3711 1209 3756 cem
1229 3685 1408 3769 divinam,
1434 3698 1469 3754 et
1491 3684 1530 3754 iu
1554 3686 1800 3776 congressibus
1826 3688 1979 3778 publicis
2001 3711 2041 3760 ac
2061 3683 2130 3760 ho-

86 3803 185 3864 sunt.
236 3786 286 3860 At
308 3785 368 3860 hic
384 3789 571 3868 discimus,
595 3782 773 3856 Ecclesiae
798 3786 997 3856 doctrinam
1016 3785 1082 3857 Dei
1134 3789 1263 3872 nescis,
1294 3801 1334 3857 ut
1359 3787 1397 3854 in
1422 3782 1572 3872 scholis,
1606 3787 1844 3880 impertientes
1869 3814 1944 3860 eam
1959 3788 2129 3880 Regibus,

86 3917 174 3963 voce
197 3892 323 3985 primis
344 3889 550 3982 parentibus
573 3889 739 3961 traditam
770 3912 860 3974 esse,
897 3902 932 3959 et
954 3889 1084 3958 deiude
1134 3889 1380 3982 Principibus,
1403 3888 1638 3976 Civitatibus,
1664 3904 1699 3960 et
1714 3890 1844 3962 multos
1860 3893 1989 3982 passim
2007 3894 2051 3962 ad
2068 3916 2130 3962 ve-

86 4008 258 4086 perpetua
279 3993 368 4064 serie
392 4005 639 4085 propagatam,
671 4015 737 4059 nec
761 3991 838 4060 sinc
862 3991 1084 4060 testimoniis.
1134 4017 1209 4063 ram
1226 3991 1487 4062 invocationem
1502 3989 1572 4062 Dei
1588 3987 1851 4082 pertrahentes,
1876 3994 2013 4064 etiamsi
2036 3994 2129 4064 inte-

85 4091 216 4167 Enoch
246 4112 365 4188 raptus
394 4096 430 4162 in
454 4095 609 4178 coelum,
642 4087 745 4162 Nohe
765 4117 847 4162 vere
879 4093 1084 4183 praedicans
1135 4095 1203 4163 rim
1221 4095 1442 4178 riderentur,
1464 4094 1753 4185 exploderentur‚
1778 4093 1996 4185 pellerentur
2015 4120 2033 4166 a
2053 4095 2130 4192 Ty-

88 4199 288 4283 diluvium,
327 4213 360 4268 et
381 4211 502 4288 pastea
519 4211 677 4266 servatus
697 4195 735 4262 in
760 4193 910 4262 diluvio.
966 4192 1084 4264 Abra·
1134 4197 1257 4267 rannis
1281 4210 1315 4267 et
1338 4220 1356 4262 a
1379 4195 1528 4264 maxima
1553 4210 1650 4288 parte
1671 4191 1869 4266 hominum.
1937 4192 2128 4269 Melchisc÷

86 4293 192 4382 ham,
226 4298 342 4384 Isaac,
376 4295 501 4382 Iacob,
536 4290 686 4389 loseph,
725 4320 804 4366 cum
837 4297 950 4366 multa
984 4297 1082 4384 signa
1134 4295 1245 4384 dach,
1270 4321 1375 4391 quem
1391 4310 1525 4366 veteres
1541 4298 1758 4388 scripserunt
1782 4323 1855 4369 csse
1876 4297 1979 4386 Sem,
2014 4299 2128 4370 filium

86 4401 182 4488 sint,
208 4425 268 4472 eos
291 4403 487 4470 sacerdotes
508 4423 547 4470 ac
571 4401 731 4469 doctores
754 4396 1083 4468 divinitusvocatos
1132 4395 1274 4484 Nohae,
1317 4399 1505 4490 sapientia,
1556 4399 1706 4485 iustitia,
1758 4413 1872 4472 aetate
1915 4402 2127 4473 antecellens

84 4505 213 4589 fuisse,
255 4515 358 4574 testes
389 4516 474 4574 sunt
502 4501 706 4585 certissimi,
747 4495 838 4568 hanc
872 4500 1083 4587 doctrinam,
1134 4502 1299 4574 omnibus
1314 4495 1522 4571 hominibus
1536 4502 1612 4572 eius
1628 4504 1808 4595 temporis,
1832 4503 1895 4573 diu
1907 4499 2000 4574 hand
2018 4503 2126 4572 dulaic

86 4631 197 4702 quam
224 4606 487 4696 amplectuntur
516 4629 555 4672 ac
583 4615 772 4694 spargunt,
810 4601 969 4670 divinam
998 4625 1082 4675 csse.
1133 4605 1299 4677 Sodomis
1315 4617 1347 4672 ct
1360 4603 1487 4673 vicinis
1502 4604 1589 4673 locis
1607 4606 1836 4676 concionatus
1852 4617 1914 4676 est.
1956 4603 2046 4674 Nam
2063 4607 2127 4674 do-

85 4703 229 4782 Obiicit
258 4699 507 4802 Symmachus
537 4699 770 4785 Christianis,
807 4717 1082 4774 consentaneum
1133 4706 1305 4776 micilium
1330 4705 1440 4796 ipsius
1460 4727 1480 4774 a
1503 4704 1669 4776 Sodomis
1691 4731 1766 4776 non
1787 4708 1867 4799 plus
1895 4719 1974 4776 octo
1996 4707 2127 4776 nastris

84 4836 169 4896 esse,
187 4809 460 4880 vetustissimam
476 4807 674 4877 doctrinam
694 4805 867 4876 veriorem
885 4829 968 4886 csse,
981 4803 1082 4898 Apo·
1133 4808 1334 4878 miliaribus
1349 4807 1473 4880 abfuit.
1524 4805 1675 4880 Coetum
1690 4809 1799 4898 igitur
1820 4802 1945 4878 habuit
1969 4831 2042 4877 non
2065 4809 2126 4878 de-

84 4913 248 4986 stolicam
282 4935 366 4981 vero
400 4933 521 4981 recens
563 4920 803 4979 commentum
843 4931 916 4978 esse
954 4909 1083 5002 inquit.
1134 4911 1373 5002 spiciendnm,
1395 4903 1742 4996 familiasAbrahae,
1766 4903 1861 4980 Loth
1879 4909 2126 4979 etaliosmul-

84 5013 210 5106 Longe
246 5026 339 5084 errat
363 5005 613 5108 Symmachus,
648 5033 688 5080 ac
707 5011 893 5080 manifeste
917 5011 1083 5082 convinci
1133 5028 1198 5084 tos.
1248 5009 1325 5082 Etsi
1341 5011 1436 5080 enim
1453 5011 1576 5102 exigua
1590 5026 1641 5082 cst
1654 5007 1830 5097 Ecclesia,
1852 5023 1971 5082 tamen
1988 5035 2126 5104 semper

84 5131 221 5210 potest,
244 5116 397 5208 primam
418 5108 854 5195 csseomniumEcclesiae
871 5114 1083 5186 doctrinam.
1135 5115 1253 5208 aliqua
1275 5127 1345 5195 est,
1382 5125 1416 5182 et
1444 5137 1518 5182 non
1551 5115 1698 5184 obscura
1732 5114 1942 5206 frequentia.
1991 5110 2040 5183 Et
2061 5107 2127 5182 hac

85 5217 126 5290 ld
150 5215 212 5290 hic
233 5217 452 5296 ostenditur,
471 5239 552 5284 cum
576 5229 611 5286 et
634 5215 796 5284 doctrina
814 5238 834 5283 a
851 5211 929 5283 Deo
952 5215 1081 5286 tradita
1134 5212 1275 5288 scholae
1289 5214 1463 5288 divinitus
1477 5216 1696 5306 tegebantur.
1746 5212 1839 5286 Nam
1856 5216 1994 5284 vicinae
2010 5215 2127 5298 urbes,

82 5323 257 5395 recitatur
282 5333 314 5390 et
340 5331 505 5390 narratur
527 5316 685 5407 gentium
699 5314 924 5408 propagatio,
951 5341 1041 5411 qnae
1063 5341 1082 5388 a
1134 5343 1285 5414 quarum
1300 5317 1488 5414 praecipua
1504 5333 1579 5390 erat
1594 5317 1769 5409 potentia,
1795 5316 1949 5390 Sodoma
1966 5330 2000 5386 et
2014 5329 2128 5387 caete-

84 5425 203 5518 prima
222 5422 405 5493 doctrinae
420 5419 576 5513 puritate
591 5418 838 5506 diseesscnmt,
864 5431 898 5488 et
913 5441 1023 5490 novas
1040 5421 1085 5492 de
1134 5447 1214 5508 rae,
1239 5421 1389 5492 immani
1409 5421 1529 5490 furore
1548 5421 1829 5512 aspernabantur
1851 5419 2035 5490 coelestem
2062 5420 2127 5489 do—

82 5522 161 5600 Deo
183 5523 432 5619 opinionesct
455 5522 553 5593 idola
575 5521 828 5610 excogitarunt·
877 5515 974 5614 Ergo
999 5516 1084 5595 hinc
1134 5524 1317 5610 ctrinam,
1333 5525 1642 5695 falfbstrepcntes
1671 5523 1938 5594 concionatores
1970 5522 2130 5596 oderant.

1140 1453 1341 1520 nescentes,
1371 1455 1410 1512 ut
1435 1441 1474 1508 in
1494 1438 1689 1526 Pausania,
1722 1443 1784 1535 qui
1813 1443 1883 1513 fuit
1907 1444 1979 1514 dux
2012 1458 2134 1516 contra
