4842 6256
87 331 171 416 809

87 498 268 600 Egregia
282 494 484 582 eruditione
499 507 531 571 st
545 497 681 600 pietate
723 493 877 585 reedito,
893 491 1093 591 Magistro

89 603 305 680 Antonio
330 596 660 724 Itauterbocir,
719 611 789 674 nst.
804 597 909 674 Eccl.
926 595 1092 671 Birnen-

428 731 504 790 sss,
529 729 649 778 omaso
676 729 753 779 sno.

90 823 138 916 S.
158 841 206 915 D.
258 841 406 934 Semper
435 835 502 911 boc
533 865 652 911 meum
682 839 870 911 eonsilium
901 855 936 913 et
953 855 1091 912 ‚votum

91 948 181 1032 fuit,
214 959 258 1017 ut
281 967 404 1016 omnes
429 943 544 1014 nostri
576 943 754 1036 principes
776 943 980 1014 tribuerunt
1004 942 1092 1028 Deo,

95 1073 186 1144 quae
207 1045 278 1119 Dei
301 1059 403 1126 sunt,
431 1058 465 1116 et
487 1042 648 1130 Caesari,
674 1069 764 1139 quae
779 1041 955 1131 Caesaris;
983 1047 1092 1139 idque

97 1153 232 1222 utinam
255 1149 401 1220 tandem
425 1147 538 1217 lacere
559 1147 752 1238 incipiant!
812 1145 933 1235 Quare
955 1149 1091 1239 gaudeo

100 1252 231 1323 Ducem
246 1246 477 1321 Manrilinm
503 1262 536 1318 et
559 1264 719 1339 expetere
734 1262 768 1318 ct
783 1251 1022 1320 mediocribus
1037 1251 1092 1319 ol-

97 1355 184 1424 ficiis
208 1355 301 1424 tueri
325 1351 552 1442 Imperatoris
576 1343 712 1422 Caroli
738 1333 1022 1422 benevolentiam
1040 1345 1091 1444 ¹³).

92 1455 207 1548 Spero
223 1455 348 1540 etiarn,
373 1452 492 1523 Deum
506 1453 553 1522 ita
574 1467 693 1545 pectus
716 1453 790 1522 eius
811 1455 1088 1542 gubernaturum
1147 1520 1155 1540 ,

90 1581 187 1643 esse,
212 1571 255 1630 ut
276 1559 355 1650 piae
376 1554 556 1626 doctrinae
579 1553 736 1625 studium
762 1568 796 1624 et
821 1580 940 1625 suram
964 1553 1090 1626 Eccle-

88 1661 227 1732 siarum
250 1683 326 1730 non
354 1657 578 1748 depositurus
604 1657 659 1729 sit.
720 1652 864 1726 Iulium
898 1658 985 1728 scito
1015 1681 1090 1726 nou

88 1763 245 1833 electura
262 1783 334 1832 esse
349 1785 369 1829 a
385 1757 842 1850 Collegiolllcrsburgensi,
869 1761 929 1828 sed
946 1753 1090 1828 Lator-

80 1856 269 1964 surn'*),
301 1884 406 1957 quem
423 1861 488 1931 etsi
506 1872 559 1930 est
573 1861 708 1930 alienus
724 1861 875 1931 astudio
890 1857 1088 1952 Evangelii,

86 1983 215 2039 tamen
230 1967 337 2036 audio
354 1966 399 2034 ad
415 1963 706 2054 gubernationem
723 1963 903 2055 politicam
920 1963 1089 2034 idoneum

87 2067 261 2142 iudicari.
313 2065 432 2157 Quare
453 2088 527 2134 non
549 2065 705 2135 arbitror
728 2066 859 2135 forent
874 2065 949 2136 eius
964 2066 1089 2136 electio

86 2171 292 2243 aboleatur.
344 2168 415 2240 Sed
433 2167 594 2260 quisquis
608 2167 674 2238 erit
689 2167 741 2236 ibi
764 2181 824 2238 aut
838 2167 924 2236 alibi
940 2165 1088 2258 Episco-

85 2295 179 2368 pus,
204 2295 272 2341 nos
287 2283 447 2340 nostrum
463 2267 620 2338 officium
635 2269 821 2356 faciamus,
840 2268 1007 2341 salutaria
1024 2273 1090 2341 do-

88 2396 256 2458 ceamus,
282 2384 317 2443 et
339 2394 414 2442 non
429 2383 603 2441 certemus
624 2395 704 2442 cum
720 2371 931 2440 adversariis
943 2373 1036 2442 odiis
1055 2385 1090 2442 et

89 2476 301 2559 acerbitate,
323 2475 478 2543 feramus
501 2472 652 2543 iniurias
666 2487 699 2544 et
715 2481 876 2566 petamus
890 2497 910 2543 a
926 2474 1002 2545 Deo
1018 2471 1089 2546 Ec-

90 2578 222 2650 clesiae
237 2575 491 2649 defensionem.

194 2677 250 2749 De
273 2678 495 2749 adolescente
527 2671 795 2747 honestissimae
823 2677 951 2748 viduae
980 2680 1089 2748 fratre

93 2781 274 2874 cogitab03
313 2803 396 2850 nam
422 2779 597 2871 stipendia
627 2780 690 2850 din
713 2803 837 2849 vacare
863 2803 939 2850 non
964 2780 1090 2851 solent.

97 2885 166 2956 Sed
180 2887 278 2955 locus
295 2906 360 2976 per
375 2882 591 2952 occasionem
602 2883 824 2974 quaerendus
843 2896 911 2968 est;
939 2895 972 2952 et
982 2905 1090 2976 quae-

97 3009 183 3060 ram.
234 2982 333 3054 Bene
348 2984 437 3058 vale.
488 2981 557 3053 Die
574 2981 609 3056 9.
622 2982 819 3054 Februarii.

873 3083 914 3156 P.
933 3083 986 3158 M.

498 3299 770 3310 ..α’-...ιυ-

956 3439 987 3502 9.
1003 3431 1088 3496 Febr.

954 3525 1089 3550 Μ

375 3611 524 3697 Ioocb.
554 3609 815 3700 Camerario.

163 3767 250 3842 Epist.
262 3769 296 3830 ad
310 3770 450 3826 Camerar.
467 3790 496 3843 p.
507 3769 558 3824 tto
571 3789 612 3841 sq.
631 3769 684 3836 (ed.
698 3769 786 3824 Lond.
804 3767 849 3823 lV.
863 3787 906 3842 ep.
918 3765 1000 3836 Sin).

102 3433 180 3506 No.
196 3425 307 3506 2864.

91 3531 312 3565 Q

86 3897 324 3978 Clarissimo
347 3905 443 3994 viro,
479 3906 609 3978 virtute
633 3915 664 3977 et
689 3903 858 3978 doctrino
879 3905 1092 4003 praestanti

84 4003 339 4083 Inachimo
379 4003 648 4081 Camerario
694 4003 923 4106 Pobsrgensi
970 4007 1089 4079 amieo

487 4136 555 4183 sno
578 4135 704 4182 conss.

82 4239 135 4331 S·
154 4260 201 4336 D.
252 4261 376 4352 Longo
391 4275 549 4354 tempore
568 4258 660 4332 mihi
682 4286 785 4332 curae
807 4262 893 4348 luit,
919 4263 1087 4332 ordinum

83 4365 131 4433 in
158 4361 351 4434 Academia
377 4365 684 4450 coniunctionem,
709 4389 815 4456 quam
832 4379 866 4434 et
880 4365 1009 4434 studiis
1025 4389 1088 4433 ne-

82 4465 300 4550 cessariam,
332 4479 367 4536 et
392 4469 436 4536 acl
461 4468 668 4566 disciplinae
691 4467 993 4538 conservationem
1015 4467 1087 4536 uti-

82 4571 163 4640 lem
187 4589 261 4638 esse
282 4567 465 4653 videbam,
496 4570 599 4641 tueri.
658 4567 844 4639 Interdum
878 4567 986 4658 igitur
1014 4592 1089 4638 non

82 4673 188 4742 leves
208 4670 356 4742 iniurias
370 4671 609 4756 dissimulavi,
631 4695 670 4740 ac
687 4673 809 4757 obrui,
824 4671 1003 4742 interdurn
1021 4669 1090 4739 im-

83 4788 195 4868 petus
211 4771 414 4866 aliquorum
431 4773 593 4863 repressi.
629 4771 794 4867 Denique
809 4774 999 4857 iudicium,
1025 4799 1089 4843 vo-

126 5025 156 5094 *i
176 5023 298 5080 Sieidan.
312 5025 553 5081 insonuerunt
567 5045 630 5081 ann.
648 5027 722 5082 tots.
735 5045 761 5098 p.
774 5027 833 5080 435.
849 5027 928 5082 baeer
946 5030 1086 5094 „lundre-

164 5093 198 5146 sii
214 5093 346 5150 militabat
360 5099 466 5164 (mense
479 5095 555 5161 Oct.)
570 5095 677 5149 Caesari
694 5099 847 5150 voluntarie
862 5097 1023 5160 Mauricius,
1036 5119 1088 5170 qua

163 5161 276 5234 quidem
299 5182 328 5216 re
349 5182 473 5234 magnam
492 5165 543 5218 sibi
565 5165 787 5218 benevolentiam
807 5175 832 5217 et
853 5167 955 5219 aditum
968 5169 1001 5220 ad
1015 5167 1088 5220 illins

164 5231 310 5287 amicitiam
329 5231 524 5314 compararit.n
552 5230 595 5288 cf.
609 5251 678 5304 qnae
696 5235 760 5288 Mel.
778 5233 848 5288 inira
871 5234 908 5302 (d.
930 5238 973 5292 λθ.
994 5235 1089 5304 Mart.)

163 5299 361 5355 Lanterbaehto
374 5300 477 5356 scrtbrt.

132 5381 183 5450 ⁸¹¹)
204 5381 267 5438 Vid.
283 5381 393 5438 Lutberi
407 5384 484 5506 epist.
505 5381 600 5464 eodem
619 5383 662 5438 die
674 5395 699 5440 et
711 5404 783 5440 auno
796 5383 925 5457 scriptam
941 5385 1087 5442 Lautcrba·

166 5451 237 5533 etto.
268 5451 399 5534 Mortuus
431 5464 505 5533 uerat
523 5470 644 5535 episcop.
667 5453 853 5524 Merseburg„
874 5455 1087 5526 sigismundum

168 5519 304 5590 Laudent,
330 5521 373 5578 dre
387 5541 494 5582 aenens
515 5531 578 5594 post
592 5521 754 5580 circumcis.
769 5525 852 5580 Dona.
865 5525 892 5581 h.
906 5543 929 5581 a.
959 5587 967 5610 ,

662 319 1107 448 ‘Ertsronttttttu
1162 321 1272 398 LlB.
1306 324 1372 404 lX.
1425 323 1558 402 1544.

2058 319 2138 404 810

1139 497 1316 570 luntatem
1331 523 1370 570 ae
1387 499 1610 590 diligentiam
1626 498 1665 568 in
1681 491 1750 570 hoc
1767 519 1894 590 genere
1908 519 2042 585 meam,
2064 500 2134 572 tibi

1140 615 1261 673 notam
1278 625 1350 670 esse
1368 603 1452 678 scio.
1504 599 1624 692 Quare
1642 602 1737 695 quod
1753 602 1930 672 existimas
1953 595 2044 670 mihi
2068 603 2135 672 do·

1139 704 1252 774 iorem
1267 703 1393 774 afferre
1410 697 1474 774 has
1490 727 1628 796 asperas
1644 703 1830 776 conciones
1847 697 1944 778 κατὰ
1962 727 2135 801 νομοφυ-

1139 798 1331 900 idmst),
1352 829 1426 875 non
1442 807 1585 880 falleris.
1625 805 1743 876 Multa
1760 831 1815 877 me
1829 821 1987 882 movent.
2033 806 2133 900 Quid

1139 903 1225 979 baec
1250 910 1294 978 ad
1321 909 1518 1000 populum?
1569 908 1688 999 Quam
1709 902 1777 978 hoc
1798 922 1957 1004 tempore
1977 935 2052 982 non
2068 937 2134 1006 op·
2201 931 2213 940 ·

1138 1011 1315 1102 portuna?
1339 1035 1419 1080 cum
1441 1012 1560 1101 magni
1577 1025 1693 1082 motus
1710 1012 1915 1103 impendere
1930 1012 2132 1092 videantur.

1138 1111 1221 1182 Non
1252 1113 1450 1202 intelligere
1479 1111 1618 1184 nostras
1656 1137 1843 1184 aerumnas
1881 1115 2133 1202 existimamur,

1137 1210 1201 1286 καὶ
1217 1213 1454 1306 ι’μπαροινιῒν
1468 1217 1545 1296 τοῖς
1561 1208 1761 1296 κινδύνοις.
1785 1214 1881 1306 Quid
1898 1219 1993 1309 quod
2010 1218 2048 1287 in
2063 1211 2133 1290 hoc

1138 1319 1298 1406 negotio,
1323 1341 1369 1384 nc
1393 1341 1532 1386 caussae
1549 1319 1693 1412 quidem
1717 1318 1799 1387 satis
1821 1341 1911 1403 esse,
1938 1332 1972 1389 et
1988 1318 2132 1390 iracun-

1138 1420 1216 1488 diae
1241 1419 1368 1488 serviri
1395 1435 1556 1509 putatur,
1592 1433 1632 1491 ut
1657 1443 1760 1512 saepe
1784 1421 1871 1490 alias
1898 1415 1994 1494 nord
2017 1425 2134 1496 τινιιῖν

1138 1516 1284 1612 ιτέρων.
1354 1520 1423 1592 Sed
1461 1545 1563 1612 saepe
1592 1519 1649 1592 bis
1676 1523 1769 1593 dieb.
1800 1524 1952 1612 cogitavi
1973 1519 2136 1594 Erasini

1139 1624 1291 1704 dictum,
1308 1624 1390 1718 qui,
1404 1623 1434 1692 si
1451 1626 1593 1716 quando
1608 1625 1747 1694 audivit
1762 1623 1875 1694 bonos
1893 1625 2007 1712 viros,
2029 1649 2132 1698 eaus-

1138 1749 1210 1794 sant
1243 1727 1453 1816 probantes,
1486 1727 1767 1796 moderationem
1791 1750 1875 1796 vero
1899 1729 2131 1821 requirentes,

1138 1827 1272 1919 inquit:
1307 1824 1503 1898 Ecclesiam
1526 1823 1583 1896 his
1609 1827 1827 1918 temporibus
1853 1851 1925 1897 non
1950 1831 2130 1900 mitiorem

1136 1930 1313 1998 medicum
1330 1929 1493 1998 meritam
1509 1953 1591 2002 esse.
1643 1929 1812 2000 Feramus
1831 1929 1938 2018 igitur
1960 1946 1996 2002 et
2016 1931 2131 2002 lenia-

1137 2055 1216 2100 mus
1230 2025 1295 2100 hae
1311 2031 1425 2100 sicubi
1444 2053 1640 2121 possumus.
1693 2027 1785 2100 Aula
1803 2032 1913 2103 multa
1930 2047 2047 2124 posset
2061 2034 2131 2104 mi-

1137 2132 1266 2223 tigare,
1292 2157 1401 2225 quae,
1428 2144 1470 2202 ut
1485 2146 1536 2202 est
1552 2133 1591 2200 in
1607 2133 1715 2202 veteri
1731 2157 1854 2217 versa,

1221 2247 1300 2331 Σιγᾶ
1312 2245 1388 2328 μὲν,
1408 2243 1545 2328 ἐχθαίρει
1560 2243 1614 2325 di,
1634 2242 1785 2326 βούλεταί
1795 2269 1827 2331 γε
1839 2243 1912 2328 μὴν.

1136 2347 1206 2420 Sed
1223 2350 1307 2417 nolo
1327 2347 1486 2440 persequi
1504 2342 1571 2417 hoc
1579 2362 1825 2438 argumentum
1842 2347 1994 2438 lougius.
2023 2344 2131 2419 Chri-

1137 2466 1229 2522 stum
1259 2451 1376 2542 potius
1406 2471 1564 2533 oremus,
1599 2463 1640 2519 ut
1665 2444 1760 2520 hane
1779 2463 1935 2520 nostram
1957 2452 2129 2542 cymbam,

1135 2553 1174 2622 in
1192 2577 1260 2646 qua
1279 2564 1368 2621 certe
1384 2546 1527 2620 vehitur
1542 2541 1717 2636 Ecclesia,
1741 2555 1924 2642 gubernet.
1957 2545 2131 2634 πολλάκις

1136 2649 1177 2727 di
1202 2654 1302 2736 ἔλεξα
1319 2651 1527 2750 φοβεῖσθαι
1542 2677 1589 2744 με
1603 2657 1721 2752 γῆρας
1737 2648 1886 2750 φύσεως
1902 2651 2014 2746 οὔσης
2030 2651 2129 2752 ἄγαν

1137 2755 1352 2849 ε’μπαθοῦς,
1389 2751 1512 2852 ὥσπερ
1535 2750 1756 2848 ripaei-iove,
1790 2751 2079 2852 ἢφιλοκτήτσυ,
2107 2752 2130 2849 ἢ

1135 2853 1277 2954 μαρίου
1292 2859 1484 2952 ,innatant
1500 2862 1723 2957 στρατηγοῦ.
1776 2857 1846 2931 Sed
1864 2858 1934 2930 alia
1951 2881 2105 2949 agamus.

1241 2987 1451 3062 Orationem
1471 3016 1539 3086 qua
1555 2985 1720 3064 Latona
1740 2995 1950 3086 respondes,
1976 2993 2131 3078 remitto,

1138 3119 1177 3166 ea
1193 3095 1287 3184 lege,
1315 3106 1355 3164 ut
1372 3118 1452 3164 mor
1473 3097 1565 3168 edas.
1616 3095 1706 3168 Nam
1724 3097 1755 3166 si
1775 3091 1833 3166 hic
1849 3092 2059 3167 haberemus
2076 3096 2132 3163 ol·

1138 3197 1261 3267 licinus
1277 3197 1484 3281 instructas,
1510 3197 1629 3266 statim
1651 3197 1873 3268 tradidissem
1891 3190 2131 3292 typographis.

1137 3297 1186 3370 Et
1210 3297 1381 3370 enarrabo
1409 3298 1482 3388 ipse
1513 3299 1552 3366 in
1575 3295 1713 3380 schola,
1755 3313 1795 3370 ut
1817 3301 1920 3371 citius
1944 3301 2129 3373 vendatur.

1140 3401 1220 3472 Scio
1236 3401 1275 3468 in
1292 3421 1410 3469 caussa
1427 3412 1497 3469 tam
1512 3399 1627 3490 ampla
1645 3404 1688 3470 de
1705 3423 1786 3469 vera
1804 3399 1872 3470 Dei
1893 3399 2129 3484 invocatione,

1112 3541 1116 3568 t
1138 3504 1249 3572 multa
1273 3503 1374 3593 plura
1399 3501 1470 3570 dici
1495 3524 1606 3592 posse.
1666 3501 1736 3573 Sed
1758 3527 1838 3571 cum
1863 3499 1928 3574 hae
1951 3524 2007 3580 res
2025 3501 2128 3570 toties

1138 3607 1301 3695 agitatae,
1335 3617 1370 3674 et
1393 3601 1475 3673 satis
1500 3603 1688 3693 patefactae
1711 3607 1799 3688 siut,
1824 3606 2009 3689 iaciamus,
2032 3602 2127 3696 quod

1138 3709 1262 3779 iubent
1282 3701 1477 3789 Rhetores,
1515 3699 1583 3776 hoc
1609 3719 1677 3787 est,
1710 3704 1880 3798 Epilogus
1905 3702 2072 3777 honestos
2095 3717 2129 3775 et

1137 3812 1231 3881 lectu
1249 3809 1444 3894 iucundos,
1471 3832 1537 3878 uos
1551 3807 1694 3900 quidem
1712 3810 1895 3883 addamus.
1934 3809 2024 3879 Num
2040 3806 2128 3876 alios

1135 3914 1287 3982 aliorum
1318 3910 1475 4002 epilogos
1500 3925 1632 3984 metuo.
1701 3909 1906 3982 Scribamus
1938 3902 2126 4006 ἐπαγωγὰ,

1136 4039 1225 4108 quae
1249 4013 1401 4082 invitent
1424 4011 1647 4083 iuventutem
1673 4015 1717 4082 ad
1740 4013 1873 4084 litteras
1898 4028 1932 4083 et
1954 4009 2128 4102 cognitio-

1135 4142 1216 4186 nem
1234 4139 1354 4185 rerum
1371 4115 1558 4186 bonarum.

1233 4247 1288 4318 De
1313 4241 1458 4316 Sabino
1481 4247 1628 4338 gratiam
1655 4243 1722 4314 tibi
1745 4239 1877 4329 habco,
1904 4245 2007 4338 eique
2031 4259 2127 4316 tuam

1135 4349 1333 4443 Epistulam
1356 4350 1507 4422 mittam.
1564 4345 1714 4418 Consilii
1744 4347 1828 4416 dare
1850 4348 1936 4440 quid
1960 4347 2128 4438 possum?

1136 4451 1226 4523 Nam
1250 4477 1363 4522 meam
1384 4445 1648 4542 philosophiam
1672 4449 1796 4542 quanti
1819 4450 1939 4533 saciat,
1966 4472 2043 4520 sum
2068 4473 2129 4518 ex·

1137 4569 1268 4646 pertus.
1299 4609 1303 4624 .
1320 4552 1435 4624 Simul
1453 4552 1541 4622 illud
1560 4546 1649 4620 mihi
1667 4552 1706 4620 in
1720 4565 1873 4620 mentem
1891 4551 2007 4635 venit,
2022 4551 2126 4622 etiam

1137 4658 1166 4726 si
1192 4681 1254 4740 eo,
1288 4679 1358 4749 quo
1380 4655 1567 4725 videbatur
1590 4654 1698 4739 velle,
1731 4666 1936 4735 vocaretur,
1967 4671 2129 4720 metuen-

1136 4761 1222 4830 dum
1240 4781 1331 4840 esse,
1357 4781 1401 4824 ne
1424 4757 1557 4825 accidat
1580 4756 1632 4840 ei,
1660 4754 1754 4849 quod
1771 4749 1973 4843 Xenophon
1995 4753 2129 4845 inquit:

1136 4856 1209 4934 κᾶν
1226 4857 1300 4952 ἄρα
1314 4854 1411 4957 γὲτις
1424 4855 1538 4928 ἵππον
1554 4849 1764 4952 πριάμενος,
1789 4849 1842 4948 μὴ
1858 4849 2045 4926 ἐπίσταιτο
2062 4851 2130 4926 αὖ·

1136 4967 1191 5058 τῷ
1210 4959 1398 5054 χρῆσθαι,
1424 4953 1516 5030 ἀλλὰ
1532 4951 1776 5030 καταπίπτων
1794 4953 1852 5027 ἀπ’
1872 4953 1990 5028 αὐτοῦ
2012 4951 2129 5029 κακὸν

1137 5056 1313 5158 λαμβάνῃ
1322 5115 1333 5148 ,
1360 5057 1404 5133 οὐ
1415 5053 1590 5156 χρήματα
1609 5055 1712 5152 αὐτῷ
1729 5055 1828 5130 ἔσται
1845 5053 1865 5130 ὁ
1880 5055 2005 5140 innoc:
2031 5058 2130 5128 illius

1138 5167 1290 5240 civitatis
1309 5165 1472 5233 voluntas
1498 5155 1722 5253 philosophia
1740 5174 1773 5229 et
1788 5174 1863 5230 arte
1876 5161 2028 5252 quadam
2046 5159 2130 5229 reti-

1140 5351 1345 5366 μ·

1173 5455 1335 5581 ΙΙ’λιλιριιλιειί
1349 5454 1474 5510 dissidiae
1487 5472 1551 5512 erm
1568 5451 1769 5508 Iurisconsulti·
1788 5452 1822 5507 de
1835 5449 2009 5508 clandestinis
2023 5467 2130 5522 sponsa·

1219 5549 1226 5580 t
1248 5547 1288 5582 us.

1330 5591 1411 5669 20*
