<?xml version="1.0" encoding="UTF-8"?>
<!DOCTYPE html PUBLIC "-//W3C//DTD XHTML 1.0 Transitional//EN"
    "http://www.w3.org/TR/xhtml1/DTD/xhtml1-transitional.dtd">
<html xmlns="http://www.w3.org/1999/xhtml" xml:lang="en" lang="en">
 <head>
  <title>
</title>
<meta http-equiv="Content-Type" content="text/html;charset=utf-8" />
  <meta name='ocr-system' content='tesseract 3.04.00' />
  <meta name='ocr-capabilities' content='ocr_page ocr_carea ocr_par ocr_line ocrx_word'/>
</head>
<body>
  <div class='ocr_page' id='page_1' title='image "./copusreformator00bretgoog_0084.png"; bbox 0 0 4890 6250; ppageno 0'>
   <div class='ocr_carea' id='block_1_1' title="bbox 158 2084 472 2160">
    <p class='ocr_par' dir='ltr' id='par_1_1' title="bbox 158 2084 472 2160">
     <span class='ocr_line' id='line_1_1' title="bbox 158 2084 472 2160; baseline 0 -4"><span class='ocrx_word' id='word_1_1' title='bbox 158 2113 164 2120; x_wconf 94' lang='lat'>·</span> <span class='ocrx_word' id='word_1_2' title='bbox 276 2084 344 2159; x_wconf 90' lang='lat' dir='ltr'><strong>Nu.</strong></span> <span class='ocrx_word' id='word_1_3' title='bbox 360 2087 472 2160; x_wconf 72' lang='lat'><strong>2692.</strong></span> 
     </span>
    </p>
   </div>
   <div class='ocr_carea' id='block_1_2' title="bbox 266 307 2420 422">
    <p class='ocr_par' dir='ltr' id='par_1_2' title="bbox 266 307 2420 422">
     <span class='ocr_line' id='line_1_2' title="bbox 266 307 2420 422; baseline -0.003 -10"><span class='ocrx_word' id='word_1_4' title='bbox 266 335 320 412; x_wconf 83' lang='lat' dir='ltr'><strong>se</strong></span> <span class='ocrx_word' id='word_1_5' title='bbox 821 307 1285 422; x_wconf 71' lang='lat' dir='ltr'><strong>‘nrrsuocanuu</strong></span> <span class='ocrx_word' id='word_1_6' title='bbox 1341 337 1452 421; x_wconf 80' lang='lat' dir='ltr'><strong>nra.</strong></span> <span class='ocrx_word' id='word_1_7' title='bbox 1485 336 1549 414; x_wconf 87' lang='lat' dir='ltr'><strong>rx.</strong></span> <span class='ocrx_word' id='word_1_8' title='bbox 1603 337 1737 418; x_wconf 79' lang='lat' dir='ltr'><strong>assa.</strong></span> <span class='ocrx_word' id='word_1_9' title='bbox 1931 391 1933 396; x_wconf 85' lang='lat'><strong>.</strong></span> <span class='ocrx_word' id='word_1_10' title='bbox 2022 399 2033 412; x_wconf 95' lang='lat'><strong>.</strong></span> <span class='ocrx_word' id='word_1_11' title='bbox 2234 339 2307 412; x_wconf 79' lang='lat' dir='ltr'><strong>roo</strong></span> <span class='ocrx_word' id='word_1_12' title='bbox 2419 383 2420 404; x_wconf 65' lang='grc'><strong>.</strong></span> 
     </span>
    </p>
   </div>
   <div class='ocr_carea' id='block_1_3' title="bbox 191 509 2315 1821">
    <p class='ocr_par' dir='ltr' id='par_1_3' title="bbox 270 509 2315 1016">
     <span class='ocr_line' id='line_1_3' title="bbox 270 509 2315 610; baseline -0.003 -23"><span class='ocrx_word' id='word_1_13' title='bbox 270 509 577 587; x_wconf 74' lang='lat' dir='ltr'><strong>Dilficihsaditus</strong></span> <span class='ocrx_word' id='word_1_14' title='bbox 592 509 699 585; x_wconf 87' lang='lat' dir='ltr'><strong>habet</strong></span> <span class='ocrx_word' id='word_1_15' title='bbox 715 509 782 585; x_wconf 89' lang='lat' dir='ltr'><strong>hoc</strong></span> <span class='ocrx_word' id='word_1_16' title='bbox 797 516 890 585; x_wconf 85' lang='lat' dir='ltr'><strong>vitae</strong></span> <span class='ocrx_word' id='word_1_17' title='bbox 906 539 1016 606; x_wconf 87' lang='lat' dir='ltr'><strong>genus</strong></span> <span class='ocrx_word' id='word_1_18' title='bbox 1029 516 1069 585; x_wconf 89' lang='lat' dir='ltr'><strong>in</strong></span> <span class='ocrx_word' id='word_1_19' title='bbox 1085 519 1182 610; x_wconf 87' lang='lat' dir='ltr'><strong>qnod</strong></span> <span class='ocrx_word' id='word_1_20' title='bbox 1204 515 1263 585; x_wconf 92' lang='lat' dir='ltr'><strong>in·</strong></span> <span class='ocrx_word' id='word_1_21' title='bbox 1316 513 1430 585; x_wconf 88' lang='lat' dir='ltr'><strong>diunt.</strong></span> <span class='ocrx_word' id='word_1_22' title='bbox 1491 509 1619 584; x_wconf 80' lang='lat' dir='ltr'><strong>Gallus</strong></span> <span class='ocrx_word' id='word_1_23' title='bbox 1643 511 1816 604; x_wconf 87' lang='lat' dir='ltr'><strong>impedire</strong></span> <span class='ocrx_word' id='word_1_24' title='bbox 1838 525 1892 583; x_wconf 90' lang='lat' dir='ltr'><strong>tot</strong></span> <span class='ocrx_word' id='word_1_25' title='bbox 1914 511 1986 582; x_wconf 90' lang='lat' dir='ltr'><strong>iam</strong></span> <span class='ocrx_word' id='word_1_26' title='bbox 2007 531 2121 582; x_wconf 80' lang='lat' dir='ltr'><strong>annos</strong></span> <span class='ocrx_word' id='word_1_27' title='bbox 2144 509 2315 580; x_wconf 76' lang='lat' dir='ltr'><strong>omnibus</strong></span> 
     </span>
     <span class='ocr_line' id='line_1_4' title="bbox 272 611 2314 709; baseline -0.002 -23"><span class='ocrx_word' id='word_1_28' title='bbox 272 639 409 707; x_wconf 75' lang='lat' dir='ltr'>gressus</span> <span class='ocrx_word' id='word_1_29' title='bbox 434 639 479 688; x_wconf 89' lang='lat' dir='ltr'><strong>es.</strong></span> <span class='ocrx_word' id='word_1_30' title='bbox 538 615 609 688; x_wconf 86' lang='lat' dir='ltr'><strong>Sed</strong></span> <span class='ocrx_word' id='word_1_31' title='bbox 626 631 790 709; x_wconf 50' lang='lat' dir='ltr'><strong>¹tempore</strong></span> <span class='ocrx_word' id='word_1_32' title='bbox 816 632 922 688; x_wconf 89' lang='lat' dir='ltr'><strong>eruut</strong></span> <span class='ocrx_word' id='word_1_33' title='bbox 946 618 1105 688; x_wconf 75' lang='lat' dir='ltr'><strong>faciliora</strong></span> <span class='ocrx_word' id='word_1_34' title='bbox 1131 617 1264 702; x_wconf 89' lang='lat' dir='ltr'><strong>omnia,</strong></span> <span class='ocrx_word' id='word_1_35' title='bbox 1316 611 1489 684; x_wconf 88' lang='lat' dir='ltr'><strong>machinis</strong></span> <span class='ocrx_word' id='word_1_36' title='bbox 1505 627 1673 696; x_wconf 89' lang='lat' dir='ltr'><strong>conatur,</strong></span> <span class='ocrx_word' id='word_1_37' title='bbox 1706 613 1770 707; x_wconf 87' lang='lat' dir='ltr'><strong>qui</strong></span> <span class='ocrx_word' id='word_1_38' title='bbox 1788 614 1940 686; x_wconf 82' lang='lat' dir='ltr'><strong>alieniss.</strong></span> <span class='ocrx_word' id='word_1_39' title='bbox 1957 613 2077 684; x_wconf 90' lang='lat' dir='ltr'><strong>animo</strong></span> <span class='ocrx_word' id='word_1_40' title='bbox 2092 611 2314 696; x_wconf 74' lang='lat' dir='ltr'><strong>estanobis·</strong></span> 
     </span>
     <span class='ocr_line' id='line_1_5' title="bbox 273 711 2314 811; baseline -0.001 -25"><span class='ocrx_word' id='word_1_41' title='bbox 273 743 389 811; x_wconf 90' lang='lat' dir='ltr'><strong>neque</strong></span> <span class='ocrx_word' id='word_1_42' title='bbox 414 718 508 785; x_wconf 82' lang='lat' dir='ltr'><strong>enim</strong></span> <span class='ocrx_word' id='word_1_43' title='bbox 532 719 715 789; x_wconf 76' lang='lat' dir='ltr'><strong>defuturus</strong></span> <span class='ocrx_word' id='word_1_44' title='bbox 739 732 790 788; x_wconf 90' lang='lat' dir='ltr'><strong>est</strong></span> <span class='ocrx_word' id='word_1_45' title='bbox 809 717 907 789; x_wconf 93' lang='lat' dir='ltr'><strong>Deus</strong></span> <span class='ocrx_word' id='word_1_46' title='bbox 931 714 1080 790; x_wconf 89' lang='lat' dir='ltr'><strong>honesto</strong></span> <span class='ocrx_word' id='word_1_47' title='bbox 1105 721 1264 790; x_wconf 87' lang='lat' dir='ltr'><strong>consilio.</strong></span> <span class='ocrx_word' id='word_1_48' title='bbox 1316 711 1456 787; x_wconf 83' lang='lat' dir='ltr'>Omitto</span> <span class='ocrx_word' id='word_1_49' title='bbox 1473 715 1542 786; x_wconf 88' lang='lat' dir='ltr'><strong>alia</strong></span> <span class='ocrx_word' id='word_1_50' title='bbox 1559 717 1688 801; x_wconf 87' lang='lat' dir='ltr'><strong>multa,</strong></span> <span class='ocrx_word' id='word_1_51' title='bbox 1720 717 1893 809; x_wconf 78' lang='lat' dir='ltr'><strong>quaesibi</strong></span> <span class='ocrx_word' id='word_1_52' title='bbox 1910 715 2031 787; x_wconf 85' lang='lat' dir='ltr'><strong>no&#39;tiss.</strong></span> <span class='ocrx_word' id='word_1_53' title='bbox 2053 727 2148 786; x_wconf 91' lang='lat' dir='ltr'><strong>sunt.</strong></span> <span class='ocrx_word' id='word_1_54' title='bbox 2213 711 2314 784; x_wconf 81' lang='lat' dir='ltr'><strong>Bene</strong></span> 
     </span>
     <span class='ocr_line' id='line_1_6' title="bbox 276 811 2198 908; baseline -0.002 -20"><span class='ocrx_word' id='word_1_55' title='bbox 276 818 395 894; x_wconf 84' lang='lat' dir='ltr'><strong>Audio</strong></span> <span class='ocrx_word' id='word_1_56' title='bbox 413 813 877 890; x_wconf 83' lang='lat' dir='ltr'><strong>istucvenireCornarium</strong></span> <span class='ocrx_word' id='word_1_57' title='bbox 897 822 1186 892; x_wconf 89' lang='lat' dir='ltr'><strong>etconditionem</strong></span> <span class='ocrx_word' id='word_1_58' title='bbox 1203 845 1265 890; x_wconf 88' lang='lat' dir='ltr'><strong>vc·</strong></span> <span class='ocrx_word' id='word_1_59' title='bbox 1315 817 1410 892; x_wconf 62' lang='lat' dir='ltr'><strong>vale}</strong></span> <span class='ocrx_word' id='word_1_60' title='bbox 1458 814 1626 894; x_wconf 89' lang='lat' dir='ltr'><strong>Gotthae.</strong></span> <span class='ocrx_word' id='word_1_61' title='bbox 1653 819 1712 889; x_wconf 89' lang='lat' dir='ltr'><strong>die</strong></span> <span class='ocrx_word' id='word_1_62' title='bbox 1728 813 1887 908; x_wconf 88' lang='lat' dir='ltr'><strong>Georgii.</strong></span> <span class='ocrx_word' id='word_1_63' title='bbox 1939 811 2198 889; x_wconf 85' lang='lat' dir='ltr'><strong>AnnoXLlll.</strong></span> 
     </span>
     <span class='ocr_line' id='line_1_7' title="bbox 274 909 2265 1016; baseline 0.001 -28"><span class='ocrx_word' id='word_1_64' title='bbox 274 921 366 992; x_wconf 88' lang='lat' dir='ltr'><strong>nari.</strong></span> <span class='ocrx_word' id='word_1_65' title='bbox 425 917 517 1010; x_wconf 85' lang='lat' dir='ltr'><strong>Ages</strong></span> <span class='ocrx_word' id='word_1_66' title='bbox 540 945 619 990; x_wconf 92' lang='lat' dir='ltr'><strong>cum</strong></span> <span class='ocrx_word' id='word_1_67' title='bbox 643 917 688 994; x_wconf 90' lang='lat' dir='ltr'><strong>D.</strong></span> <span class='ocrx_word' id='word_1_68' title='bbox 711 920 757 995; x_wconf 88' lang='lat' dir='ltr'><strong>D.</strong></span> <span class='ocrx_word' id='word_1_69' title='bbox 781 917 1011 1016; x_wconf 79' lang='lat' dir='ltr'><strong>Augustino,</strong></span> <span class='ocrx_word' id='word_1_70' title='bbox 1048 937 1106 1008; x_wconf 93' lang='lat' dir='ltr'><strong>ut,</strong></span> <span class='ocrx_word' id='word_1_71' title='bbox 1142 922 1172 990; x_wconf 86' lang='lat' dir='ltr'><strong>si</strong></span> <span class='ocrx_word' id='word_1_72' title='bbox 1194 946 1264 1015; x_wconf 88' lang='lat' dir='ltr'><strong>qua</strong></span> <span class='ocrx_word' id='word_1_73' title='bbox 1881 914 2069 1010; x_wconf 81' lang='lat' dir='ltr'><strong>Philippus</strong></span> <span class='ocrx_word' id='word_1_74' title='bbox 2086 909 2265 990; x_wconf 79' lang='lat' dir='ltr'><strong>Melanch.</strong></span> 
     </span>
    </p>

    <p class='ocr_par' dir='ltr' id='par_1_4' title="bbox 191 1023 1265 1110">
     <span class='ocr_line' id='line_1_8' title="bbox 191 1023 1265 1110; baseline 0.002 -20"><span class='ocrx_word' id='word_1_75' title='bbox 191 1033 196 1040; x_wconf 86' lang='lat'>&#39;</span> <span class='ocrx_word' id='word_1_76' title='bbox 274 1023 379 1092; x_wconf 86' lang='lat' dir='ltr'><strong>nobis</strong></span> <span class='ocrx_word' id='word_1_77' title='bbox 396 1023 600 1092; x_wconf 82' lang='lat' dir='ltr'>absentibus</span> <span class='ocrx_word' id='word_1_78' title='bbox 614 1023 688 1092; x_wconf 89' lang='lat' dir='ltr'><strong>eius</strong></span> <span class='ocrx_word' id='word_1_79' title='bbox 704 1025 757 1092; x_wconf 89' lang='lat' dir='ltr'><strong>rei</strong></span> <span class='ocrx_word' id='word_1_80' title='bbox 770 1025 903 1094; x_wconf 90' lang='lat' dir='ltr'><strong>mentio</strong></span> <span class='ocrx_word' id='word_1_81' title='bbox 913 1025 1130 1110; x_wconf 84' lang='lat' dir='ltr'><strong>lactafuerit,</strong></span> <span class='ocrx_word' id='word_1_82' title='bbox 1146 1036 1265 1094; x_wconf 88' lang='lat' dir='ltr'><strong>osten-</strong></span> 
     </span>
    </p>

    <p class='ocr_par' dir='ltr' id='par_1_5' title="bbox 274 1119 1266 1216">
     <span class='ocr_line' id='line_1_9' title="bbox 274 1119 1266 1216; baseline 0.002 -24"><span class='ocrx_word' id='word_1_83' title='bbox 274 1123 337 1193; x_wconf 79' lang='lat' dir='ltr'><strong>dat</strong></span> <span class='ocrx_word' id='word_1_84' title='bbox 356 1119 410 1191; x_wconf 89' lang='lat' dir='ltr'><strong>tui</strong></span> <span class='ocrx_word' id='word_1_85' title='bbox 433 1124 606 1192; x_wconf 88' lang='lat' dir='ltr'><strong>rationem</strong></span> <span class='ocrx_word' id='word_1_86' title='bbox 630 1119 830 1194; x_wconf 88' lang='lat' dir='ltr'><strong>habendam</strong></span> <span class='ocrx_word' id='word_1_87' title='bbox 853 1149 925 1194; x_wconf 87' lang='lat' dir='ltr'><strong>esse</strong></span> <span class='ocrx_word' id='word_1_88' title='bbox 946 1125 1075 1216; x_wconf 86' lang='lat' dir='ltr'><strong>potius.</strong></span> <span class='ocrx_word' id='word_1_89' title='bbox 1125 1123 1266 1196; x_wconf 80' lang='lat' dir='ltr'>Amabo</span> 
     </span>
    </p>

    <p class='ocr_par' dir='ltr' id='par_1_6' title="bbox 275 1225 1513 1821">
     <span class='ocr_line' id='line_1_10' title="bbox 275 1225 1513 1339; baseline 0.002 -44"><span class='ocrx_word' id='word_1_90' title='bbox 275 1239 328 1310; x_wconf 92' lang='lat' dir='ltr'><strong>te,</strong></span> <span class='ocrx_word' id='word_1_91' title='bbox 352 1226 399 1315; x_wconf 80' lang='lat' dir='ltr'><strong>sjs</strong></span> <span class='ocrx_word' id='word_1_92' title='bbox 413 1226 509 1294; x_wconf 89' lang='lat' dir='ltr'><strong>bono</strong></span> <span class='ocrx_word' id='word_1_93' title='bbox 522 1226 659 1307; x_wconf 89' lang='lat' dir='ltr'><strong>animo,</strong></span> <span class='ocrx_word' id='word_1_94' title='bbox 686 1248 751 1295; x_wconf 92' lang='lat' dir='ltr'><strong>nos</strong></span> <span class='ocrx_word' id='word_1_95' title='bbox 769 1243 941 1319; x_wconf 89' lang='lat' dir='ltr'><strong>quantum</strong></span> <span class='ocrx_word' id='word_1_96' title='bbox 957 1225 1151 1319; x_wconf 83' lang='lat' dir='ltr'><strong>poterimus</strong></span> <span class='ocrx_word' id='word_1_97' title='bbox 1164 1227 1266 1296; x_wconf 90' lang='lat' dir='ltr'><strong>dabi-</strong></span> <span class='ocrx_word' id='word_1_98' title='bbox 1319 1265 1385 1336; x_wconf 66' lang='lat' dir='ltr'><strong>No⁸</strong></span> <span class='ocrx_word' id='word_1_99' title='bbox 1400 1266 1513 1339; x_wconf 49' lang='lat'><strong>2693·</strong></span> 
     </span>
     <span class='ocr_line' id='line_1_11' title="bbox 275 1327 1497 1418; baseline -0.003 -22"><span class='ocrx_word' id='word_1_100' title='bbox 275 1349 355 1396; x_wconf 89' lang='lat' dir='ltr'><strong>mus</strong></span> <span class='ocrx_word' id='word_1_101' title='bbox 371 1349 533 1418; x_wconf 85' lang='lat' dir='ltr'><strong>operam,</strong></span> <span class='ocrx_word' id='word_1_102' title='bbox 565 1341 607 1398; x_wconf 94' lang='lat' dir='ltr'><strong>ut</strong></span> <span class='ocrx_word' id='word_1_103' title='bbox 621 1327 796 1418; x_wconf 70' lang='lat' dir='ltr'><strong>intelligas</strong></span> <span class='ocrx_word' id='word_1_104' title='bbox 812 1353 878 1399; x_wconf 90' lang='lat' dir='ltr'><strong>nos</strong></span> <span class='ocrx_word' id='word_1_105' title='bbox 893 1327 958 1399; x_wconf 91' lang='lat' dir='ltr'><strong>tibi</strong></span> <span class='ocrx_word' id='word_1_106' title='bbox 975 1352 1017 1398; x_wconf 88' lang='lat' dir='ltr'><strong>cx</strong></span> <span class='ocrx_word' id='word_1_107' title='bbox 1033 1329 1152 1398; x_wconf 91' lang='lat' dir='ltr'><strong>animo</strong></span> <span class='ocrx_word' id='word_1_108' title='bbox 1179 1328 1266 1397; x_wconf 92' lang='lat' dir='ltr'><strong>bene</strong></span> <span class='ocrx_word' id='word_1_109' title='bbox 1326 1365 1497 1393; x_wconf 56' lang='grc' dir='ltr'><strong>...νυ</strong></span> 
     </span>
     <span class='ocr_line' id='line_1_12' title="bbox 277 1427 1266 1523; baseline 0.003 -27"><span class='ocrx_word' id='word_1_110' title='bbox 277 1428 441 1500; x_wconf 80' lang='lat' dir='ltr'><strong>voluisse.</strong></span> <span class='ocrx_word' id='word_1_111' title='bbox 493 1427 650 1498; x_wconf 76' lang='lat' dir='ltr'><strong>Mittitur</strong></span> <span class='ocrx_word' id='word_1_112' title='bbox 664 1429 755 1500; x_wconf 91' lang='lat' dir='ltr'><strong>istuc</strong></span> <span class='ocrx_word' id='word_1_113' title='bbox 771 1453 869 1500; x_wconf 90' lang='lat' dir='ltr'><strong>meus</strong></span> <span class='ocrx_word' id='word_1_114' title='bbox 883 1431 1009 1514; x_wconf 86' lang='lat' dir='ltr'><strong>frater,</strong></span> <span class='ocrx_word' id='word_1_115' title='bbox 1033 1431 1189 1523; x_wconf 88' lang='lat' dir='ltr'><strong>quicum</strong></span> <span class='ocrx_word' id='word_1_116' title='bbox 1205 1454 1266 1499; x_wconf 87' lang='lat' dir='ltr'><strong>ve-</strong></span> 
     </span>
     <span class='ocr_line' id='line_1_13' title="bbox 277 1523 1266 1619; baseline 0.004 -23"><span class='ocrx_word' id='word_1_117' title='bbox 277 1529 372 1599; x_wconf 86' lang='lat' dir='ltr'><strong>nerit</strong></span> <span class='ocrx_word' id='word_1_118' title='bbox 386 1531 576 1619; x_wconf 82' lang='lat' dir='ltr'><strong>recipiatur</strong></span> <span class='ocrx_word' id='word_1_119' title='bbox 592 1532 629 1599; x_wconf 93' lang='lat' dir='ltr'><strong>in</strong></span> <span class='ocrx_word' id='word_1_120' title='bbox 646 1555 741 1600; x_wconf 86' lang='lat' dir='ltr'><strong>meas</strong></span> <span class='ocrx_word' id='word_1_121' title='bbox 755 1533 871 1605; x_wconf 89' lang='lat' dir='ltr'><strong>aedes.</strong></span> <span class='ocrx_word' id='word_1_122' title='bbox 921 1529 1001 1602; x_wconf 90' lang='lat' dir='ltr'><strong>Hoc</strong></span> <span class='ocrx_word' id='word_1_123' title='bbox 1016 1523 1061 1600; x_wconf 83' lang='lat' dir='ltr'>F</span> <span class='ocrx_word' id='word_1_124' title='bbox 1055 1529 1221 1600; x_wconf 86' lang='lat' dir='ltr'><strong>roncisco</strong></span> <span class='ocrx_word' id='word_1_125' title='bbox 1234 1544 1266 1600; x_wconf 91' lang='lat' dir='ltr'><strong>tc</strong></span> 
     </span>
     <span class='ocr_line' id='line_1_14' title="bbox 276 1629 1268 1728; baseline 0.006 -31"><span class='ocrx_word' id='word_1_126' title='bbox 276 1631 384 1698; x_wconf 86' lang='lat' dir='ltr'><strong>velim</strong></span> <span class='ocrx_word' id='word_1_127' title='bbox 402 1630 570 1706; x_wconf 87' lang='lat' dir='ltr'><strong>indicare.</strong></span> <span class='ocrx_word' id='word_1_128' title='bbox 620 1629 665 1706; x_wconf 91' lang='lat' dir='ltr'><strong>D.</strong></span> <span class='ocrx_word' id='word_1_129' title='bbox 678 1630 723 1706; x_wconf 88' lang='lat' dir='ltr'><strong>D.</strong></span> <span class='ocrx_word' id='word_1_130' title='bbox 741 1629 951 1728; x_wconf 78' lang='lat' dir='ltr'><strong>Augustino</strong></span> <span class='ocrx_word' id='word_1_131' title='bbox 965 1633 1156 1726; x_wconf 84' lang='lat' dir='ltr'><strong>plurimam</strong></span> <span class='ocrx_word' id='word_1_132' title='bbox 1173 1633 1221 1703; x_wconf 91' lang='lat' dir='ltr'><strong>sal</strong></span> <span class='ocrx_word' id='word_1_133' title='bbox 1228 1658 1268 1704; x_wconf 89' lang='lat' dir='ltr'><strong>u-</strong></span> 
     </span>
     <span class='ocr_line' id='line_1_15' title="bbox 277 1729 1011 1821; baseline 0.01 -19"><span class='ocrx_word' id='word_1_134' title='bbox 277 1743 349 1802; x_wconf 84' lang='lat' dir='ltr'><strong>tem</strong></span> <span class='ocrx_word' id='word_1_135' title='bbox 362 1730 420 1802; x_wconf 92' lang='lat' dir='ltr'><strong>dic</strong></span> <span class='ocrx_word' id='word_1_136' title='bbox 437 1734 524 1802; x_wconf 90' lang='lat' dir='ltr'><strong>meis</strong></span> <span class='ocrx_word' id='word_1_137' title='bbox 540 1734 675 1821; x_wconf 86' lang='lat' dir='ltr'><strong>verbis,</strong></span> <span class='ocrx_word' id='word_1_138' title='bbox 703 1732 789 1804; x_wconf 88' lang='lat' dir='ltr'><strong>Vale</strong></span> <span class='ocrx_word' id='word_1_139' title='bbox 807 1759 848 1805; x_wconf 81' lang='lat' dir='ltr'><strong>ex</strong></span> <span class='ocrx_word' id='word_1_140' title='bbox 863 1729 1011 1810; x_wconf 85' lang='lat' dir='ltr'><strong>Gottha.</strong></span> 
     </span>
    </p>
   </div>
   <div class='ocr_carea' id='block_1_4' title="bbox 2145 1359 2321 1389">
    <p class='ocr_par' dir='ltr' id='par_1_7' title="bbox 2145 1359 2321 1389">
     <span class='ocr_line' id='line_1_16' title="bbox 2145 1359 2321 1389; baseline 0.017 -3"><span class='ocrx_word' id='word_1_141' title='bbox 2145 1359 2321 1389; x_wconf 49' lang='lat' dir='ltr'><strong>W„</strong></span> 
     </span>
    </p>
   </div>
   <div class='ocr_carea' id='block_1_5' title="bbox 1703 1433 1924 1521">
    <p class='ocr_par' dir='ltr' id='par_1_8' title="bbox 1703 1433 1924 1521">
     <span class='ocr_line' id='line_1_17' title="bbox 1703 1433 1924 1521; baseline 0.014 -3"><span class='ocrx_word' id='word_1_142' title='bbox 1703 1433 1924 1521; x_wconf 84' lang='lat' dir='ltr'><strong>Knutelio.</strong></span> 
     </span>
    </p>
   </div>
   <div class='ocr_carea' id='block_1_6' title="bbox 1424 1682 1641 1756">
    <p class='ocr_par' dir='ltr' id='par_1_9' title="bbox 1424 1682 1641 1756">
     <span class='ocr_line' id='line_1_18' title="bbox 1424 1682 1641 1756; baseline 0.009 -18"><span class='ocrx_word' id='word_1_143' title='bbox 1424 1701 1484 1738; x_wconf 82' lang='lat' dir='ltr'><strong>nae.</strong></span> <span class='ocrx_word' id='word_1_144' title='bbox 1500 1682 1520 1739; x_wconf 93' lang='lat' dir='ltr'><strong>l.</strong></span> <span class='ocrx_word' id='word_1_145' title='bbox 1531 1702 1569 1756; x_wconf 80' lang='lat' dir='ltr'><strong>p.</strong></span> <span class='ocrx_word' id='word_1_146' title='bbox 1581 1683 1641 1740; x_wconf 76' lang='lat'><strong>298.</strong></span> 
     </span>
    </p>
   </div>
   <div class='ocr_carea' id='block_1_7' title="bbox 1323 1833 2324 2038">
    <p class='ocr_par' dir='ltr' id='par_1_10' title="bbox 1323 1833 2324 2038">
     <span class='ocr_line' id='line_1_19' title="bbox 1323 1833 2324 2008; baseline 0 -100"><span class='ocrx_word' id='word_1_147' title='bbox 1323 1835 1492 1936; x_wconf 78' lang='lat' dir='ltr'><strong>Egregia</strong></span> <span class='ocrx_word' id='word_1_148' title='bbox 1516 1838 1645 1910; x_wconf 77' lang='lat' dir='ltr'><strong>virtute</strong></span> <span class='ocrx_word' id='word_1_149' title='bbox 1668 1848 1700 1910; x_wconf 77' lang='lat' dir='ltr'><strong>et</strong></span> <span class='ocrx_word' id='word_1_150' title='bbox 1725 1833 1895 1908; x_wconf 80' lang='lat' dir='ltr'><strong>doctrino</strong></span> <span class='ocrx_word' id='word_1_151' title='bbox 1912 1837 2110 2008; x_wconf 68' lang='lat' dir='ltr'><strong>praedito,</strong></span> <span class='ocrx_word' id='word_1_152' title='bbox 2148 1835 2324 1930; x_wconf 75' lang='lat' dir='ltr'><strong>Domino</strong></span> 
     </span>
     <span class='ocr_line' id='line_1_20' title="bbox 1324 1935 2324 2038; baseline -0.002 -26"><span class='ocrx_word' id='word_1_153' title='bbox 1324 1937 1559 2012; x_wconf 82' lang='lat' dir='ltr'><strong>Guilelmo</strong></span> <span class='ocrx_word' id='word_1_154' title='bbox 1579 1935 1768 2012; x_wconf 82' lang='lat' dir='ltr'><strong>Franco</strong></span> <span class='ocrx_word' id='word_1_155' title='bbox 1792 1935 1907 2038; x_wconf 78' lang='lat' dir='ltr'><strong>[Gai</strong></span> <span class='ocrx_word' id='word_1_156' title='bbox 1927 1989 1937 2009; x_wconf 88' lang='lat'><strong>.</strong></span> <span class='ocrx_word' id='word_1_157' title='bbox 1956 1937 2228 2037; x_wconf 81' lang='lat' dir='ltr'><strong>Knulelio],</strong></span> <span class='ocrx_word' id='word_1_158' title='bbox 2250 1937 2324 2010; x_wconf 84' lang='lat' dir='ltr'><strong>Se-</strong></span> 
     </span>
    </p>
   </div>
   <div class='ocr_carea' id='block_1_8' title="bbox 879 2037 2325 2178">
    <p class='ocr_par' dir='ltr' id='par_1_11' title="bbox 879 2037 2325 2178">
     <span class='ocr_line' id='line_1_21' title="bbox 879 2037 2325 2178; baseline -0.014 -46"><span class='ocrx_word' id='word_1_159' title='bbox 879 2101 937 2161; x_wconf 43' lang='lat'><strong>23·</strong></span> <span class='ocrx_word' id='word_1_160' title='bbox 955 2091 1055 2176; x_wconf 41' lang='grc' dir='ltr'><strong>ΑΜ,</strong></span> <span class='ocrx_word' id='word_1_161' title='bbox 1084 2093 1247 2178; x_wconf 74' lang='lat' dir='ltr'><strong>(Germe.)</strong></span> <span class='ocrx_word' id='word_1_162' title='bbox 1325 2042 1481 2114; x_wconf 71' lang='lat' dir='ltr'><strong>rectorio</strong></span> <span class='ocrx_word' id='word_1_163' title='bbox 1497 2037 1683 2140; x_wconf 85' lang='lat' dir='ltr'><strong>Principis</strong></span> <span class='ocrx_word' id='word_1_164' title='bbox 1696 2037 1947 2148; x_wconf 78' lang='lat' dir='ltr'><strong>Nassaensis,</strong></span> <span class='ocrx_word' id='word_1_165' title='bbox 1974 2041 2092 2111; x_wconf 81' lang='lat' dir='ltr'><strong>amico</strong></span> <span class='ocrx_word' id='word_1_166' title='bbox 2105 2065 2172 2142; x_wconf 69' lang='lat' dir='ltr'><strong>sno</strong></span> <span class='ocrx_word' id='word_1_167' title='bbox 2188 2041 2325 2118; x_wconf 64' lang='lat' dir='ltr'><strong>carrks.</strong></span> 
     </span>
    </p>
   </div>
   <div class='ocr_carea' id='block_1_9' title="bbox 284 2181 455 2214">
    <p class='ocr_par' dir='ltr' id='par_1_12' title="bbox 284 2181 455 2214">
     <span class='ocr_line' id='line_1_22' title="bbox 284 2181 455 2214; baseline 0 -5"><span class='ocrx_word' id='word_1_168' title='bbox 284 2181 455 2214; x_wconf 52' lang='grc' dir='ltr'>Μ</span> 
     </span>
    </p>
   </div>
   <div class='ocr_carea' id='block_1_10' title="bbox 1325 2265 2325 2372">
    <p class='ocr_par' dir='ltr' id='par_1_13' title="bbox 1325 2265 2325 2372">
     <span class='ocr_line' id='line_1_23' title="bbox 1325 2265 2325 2372; baseline 0.002 -24"><span class='ocrx_word' id='word_1_169' title='bbox 1325 2304 1414 2348; x_wconf 78' lang='lat' dir='ltr'><strong>noro</strong></span> <span class='ocrx_word' id='word_1_170' title='bbox 1435 2265 1608 2372; x_wconf 68' lang='lat' dir='ltr'><strong>superatis</strong></span> <span class='ocrx_word' id='word_1_171' title='bbox 1624 2279 1880 2350; x_wconf 87' lang='lat' dir='ltr'><strong>Tencterorum</strong></span> <span class='ocrx_word' id='word_1_172' title='bbox 1902 2281 2049 2350; x_wconf 80' lang='lat' dir='ltr'><strong>saltibus</strong></span> <span class='ocrx_word' id='word_1_173' title='bbox 2064 2291 2099 2350; x_wconf 89' lang='lat' dir='ltr'><strong>et</strong></span> <span class='ocrx_word' id='word_1_174' title='bbox 2115 2279 2224 2370; x_wconf 90' lang='lat' dir='ltr'><strong>iugis,</strong></span> <span class='ocrx_word' id='word_1_175' title='bbox 2251 2305 2325 2372; x_wconf 92' lang='lat' dir='ltr'><strong>po-</strong></span> 
     </span>
    </p>
   </div>
   <div class='ocr_carea' id='block_1_11' title="bbox 346 2379 2325 2554">
    <p class='ocr_par' dir='ltr' id='par_1_14' title="bbox 346 2379 2325 2554">
     <span class='ocr_line' id='line_1_24' title="bbox 346 2379 2325 2500; baseline -0.001 -45"><span class='ocrx_word' id='word_1_176' title='bbox 346 2443 396 2500; x_wconf 66' lang='lat' dir='ltr'><strong>E.</strong></span> <span class='ocrx_word' id='word_1_177' title='bbox 990 2457 996 2472; x_wconf 39' lang='lat'>¹</span> <span class='ocrx_word' id='word_1_178' title='bbox 1229 2440 1232 2448; x_wconf 93' lang='lat'><strong>.</strong></span> <span class='ocrx_word' id='word_1_179' title='bbox 1325 2383 1448 2451; x_wconf 82' lang='lat' dir='ltr'><strong>striclie</strong></span> <span class='ocrx_word' id='word_1_180' title='bbox 1482 2405 1588 2476; x_wconf 91' lang='lat' dir='ltr'><strong>quam</strong></span> <span class='ocrx_word' id='word_1_181' title='bbox 1618 2407 1637 2451; x_wconf 90' lang='lat' dir='ltr'><strong>a</strong></span> <span class='ocrx_word' id='word_1_182' title='bbox 1670 2382 1771 2452; x_wconf 91' lang='lat' dir='ltr'><strong>vobis</strong></span> <span class='ocrx_word' id='word_1_183' title='bbox 1804 2381 2037 2454; x_wconf 86' lang='lat' dir='ltr'><strong>discessimus.</strong></span> <span class='ocrx_word' id='word_1_184' title='bbox 2103 2379 2325 2464; x_wconf 75' lang='lat' dir='ltr'><strong>Scribuntur</strong></span> 
     </span>
     <span class='ocr_line' id='line_1_25' title="bbox 371 2445 1579 2554; baseline 0.009 -54"><span class='ocrx_word' id='word_1_185' title='bbox 371 2457 432 2519; x_wconf 86' lang='lat' dir='ltr'><strong>prst.</strong></span> <span class='ocrx_word' id='word_1_186' title='bbox 447 2446 480 2501; x_wconf 82' lang='lat' dir='ltr'><strong>ad</strong></span> <span class='ocrx_word' id='word_1_187' title='bbox 496 2445 632 2507; x_wconf 77' lang='lat' dir='ltr'><strong>Camacas.</strong></span> <span class='ocrx_word' id='word_1_188' title='bbox 650 2470 677 2524; x_wconf 91' lang='lat' dir='ltr'><strong>p.</strong></span> <span class='ocrx_word' id='word_1_189' title='bbox 689 2451 741 2508; x_wconf 74' lang='lat'><strong>426</strong></span> <span class='ocrx_word' id='word_1_190' title='bbox 753 2471 792 2524; x_wconf 86' lang='lat' dir='ltr'><strong>sq.</strong></span> <span class='ocrx_word' id='word_1_191' title='bbox 812 2453 865 2523; x_wconf 86' lang='lat' dir='ltr'><strong>(ed.</strong></span> <span class='ocrx_word' id='word_1_192' title='bbox 879 2454 1027 2514; x_wconf 73' lang='lat' dir='ltr'><strong>haedleh.</strong></span> <span class='ocrx_word' id='word_1_193' title='bbox 1041 2458 1089 2516; x_wconf 86' lang='lat' dir='ltr'><strong>lV.</strong></span> <span class='ocrx_word' id='word_1_194' title='bbox 1103 2477 1146 2529; x_wconf 86' lang='lat' dir='ltr'><strong>ep.</strong></span> <span class='ocrx_word' id='word_1_195' title='bbox 1159 2459 1231 2522; x_wconf 77' lang='lat'><strong>297.)</strong></span> <span class='ocrx_word' id='word_1_196' title='bbox 1325 2484 1417 2554; x_wconf 62' lang='lat' dir='ltr'>duae</span> <span class='ocrx_word' id='word_1_197' title='bbox 1444 2485 1579 2552; x_wconf 62' lang='lat' dir='ltr'><strong>formae</strong></span> 
     </span>
    </p>
   </div>
   <div class='ocr_carea' id='block_1_12' title="bbox 552 2269 998 2368">
    <p class='ocr_par' dir='ltr' id='par_1_15' title="bbox 552 2269 998 2368">
     <span class='ocr_line' id='line_1_26' title="bbox 552 2269 998 2368; baseline 0.034 -15"><span class='ocrx_word' id='word_1_198' title='bbox 552 2269 703 2358; x_wconf 79' lang='grc' dir='ltr'><strong>ῙααοΙι.</strong></span> <span class='ocrx_word' id='word_1_199' title='bbox 737 2273 998 2368; x_wconf 84' lang='lat' dir='ltr'><strong>Camerario.</strong></span> 
     </span>
    </p>
   </div>
   <div class='ocr_carea' id='block_1_13' title="bbox 1324 2677 2324 2782">
    <p class='ocr_par' dir='ltr' id='par_1_16' title="bbox 1324 2677 2324 2782">
     <span class='ocr_line' id='line_1_27' title="bbox 1324 2677 2324 2782; baseline 0.002 -28"><span class='ocrx_word' id='word_1_200' title='bbox 1324 2686 1405 2782; x_wconf 81' lang='lat' dir='ltr'><strong>pler</strong></span> <span class='ocrx_word' id='word_1_201' title='bbox 1429 2699 1592 2776; x_wconf 86' lang='lat' dir='ltr'><strong>etpura,</strong></span> <span class='ocrx_word' id='word_1_202' title='bbox 1624 2685 1732 2756; x_wconf 88' lang='lat' dir='ltr'><strong>altera</strong></span> <span class='ocrx_word' id='word_1_203' title='bbox 1757 2709 1777 2754; x_wconf 90' lang='lat' dir='ltr'><strong>a</strong></span> <span class='ocrx_word' id='word_1_204' title='bbox 1798 2677 1963 2779; x_wconf 85' lang='lat' dir='ltr'><strong>Gropero</strong></span> <span class='ocrx_word' id='word_1_205' title='bbox 1983 2685 2119 2772; x_wconf 84' lang='lat' dir='ltr'><strong>fucosa,</strong></span> <span class='ocrx_word' id='word_1_206' title='bbox 2148 2686 2212 2779; x_wconf 88' lang='lat' dir='ltr'><strong>qui</strong></span> <span class='ocrx_word' id='word_1_207' title='bbox 2234 2699 2324 2756; x_wconf 89' lang='lat' dir='ltr'><strong>tan·</strong></span> 
     </span>
    </p>
   </div>
   <div class='ocr_carea' id='block_1_14' title="bbox 449 2701 2323 2860">
    <p class='ocr_par' dir='ltr' id='par_1_17' title="bbox 449 2701 2323 2860">
     <span class='ocr_line' id='line_1_28' title="bbox 449 2701 2235 2805; baseline 0.008 -29"><span class='ocrx_word' id='word_1_208' title='bbox 449 2701 721 2805; x_wconf 76' lang='lat' dir='ltr'><strong>Bamdcrgensi</strong></span> <span class='ocrx_word' id='word_1_209' title='bbox 740 2714 860 2783; x_wconf 82' lang='lat' dir='ltr'><strong>amico</strong></span> <span class='ocrx_word' id='word_1_210' title='bbox 881 2739 950 2786; x_wconf 81' lang='lat' dir='ltr'><strong>suo</strong></span> <span class='ocrx_word' id='word_1_211' title='bbox 972 2703 1100 2788; x_wconf 76' lang='lat' dir='ltr'><strong>caiiss.</strong></span> <span class='ocrx_word' id='word_1_212' title='bbox 1499 2789 1506 2804; x_wconf 71' lang='grc'>,</span> <span class='ocrx_word' id='word_1_213' title='bbox 1732 2789 1740 2804; x_wconf 76' lang='grc'><em>,</em></span> <span class='ocrx_word' id='word_1_214' title='bbox 2079 2787 2088 2804; x_wconf 83' lang='grc'><em>,</em></span> <span class='ocrx_word' id='word_1_215' title='bbox 2226 2790 2235 2804; x_wconf 81' lang='grc'><strong>,</strong></span> 
     </span>
     <span class='ocr_line' id='line_1_29' title="bbox 1325 2787 2323 2860; baseline 0.001 -2"><span class='ocrx_word' id='word_1_216' title='bbox 1325 2799 1401 2858; x_wconf 89' lang='lat' dir='ltr'><strong>turn</strong></span> <span class='ocrx_word' id='word_1_217' title='bbox 1431 2789 1526 2858; x_wconf 81' lang='lat' dir='ltr'><strong>ludat</strong></span> <span class='ocrx_word' id='word_1_218' title='bbox 1553 2789 1759 2856; x_wconf 79' lang='lat' dir='ltr'><strong>excusandas</strong></span> <span class='ocrx_word' id='word_1_219' title='bbox 1790 2798 1826 2858; x_wconf 89' lang='lat' dir='ltr'><strong>et</strong></span> <span class='ocrx_word' id='word_1_220' title='bbox 1856 2787 2107 2856; x_wconf 78' lang='lat' dir='ltr'><strong>confirmandas</strong></span> <span class='ocrx_word' id='word_1_221' title='bbox 2136 2789 2323 2860; x_wconf 78' lang='lat' dir='ltr'><strong>abusibus.</strong></span> 
     </span>
    </p>
   </div>
   <div class='ocr_carea' id='block_1_15' title="bbox 280 2824 1273 2922">
    <p class='ocr_par' dir='ltr' id='par_1_18' title="bbox 280 2824 1273 2922">
     <span class='ocr_line' id='line_1_30' title="bbox 280 2824 1273 2922; baseline 0.013 -15"><span class='ocrx_word' id='word_1_222' title='bbox 280 2824 326 2914; x_wconf 82' lang='lat' dir='ltr'><strong>S.</strong></span> <span class='ocrx_word' id='word_1_223' title='bbox 351 2837 398 2912; x_wconf 93' lang='lat' dir='ltr'><strong>D.</strong></span> <span class='ocrx_word' id='word_1_224' title='bbox 449 2839 553 2910; x_wconf 87' lang='lat' dir='ltr'><strong>Sensi</strong></span> <span class='ocrx_word' id='word_1_225' title='bbox 569 2865 625 2910; x_wconf 89' lang='lat' dir='ltr'><strong>me</strong></span> <span class='ocrx_word' id='word_1_226' title='bbox 641 2843 790 2916; x_wconf 84' lang='lat' dir='ltr'><strong>mirifico</strong></span> <span class='ocrx_word' id='word_1_227' title='bbox 807 2846 983 2918; x_wconf 88' lang='lat' dir='ltr'><strong>desiderio</strong></span> <span class='ocrx_word' id='word_1_228' title='bbox 1002 2863 1041 2922; x_wconf 83' lang='lat' dir='ltr'><strong>et</strong></span> <span class='ocrx_word' id='word_1_229' title='bbox 1052 2849 1105 2920; x_wconf 90' lang='lat' dir='ltr'><strong>tui</strong></span> <span class='ocrx_word' id='word_1_230' title='bbox 1121 2865 1155 2922; x_wconf 91' lang='lat' dir='ltr'><strong>et</strong></span> <span class='ocrx_word' id='word_1_231' title='bbox 1174 2875 1273 2922; x_wconf 90' lang='lat' dir='ltr'><strong>meae</strong></span> 
     </span>
    </p>
   </div>
   <div class='ocr_carea' id='block_1_16' title="bbox 278 2941 1273 3343">
    <p class='ocr_par' dir='ltr' id='par_1_19' title="bbox 278 2941 1273 3343">
     <span class='ocr_line' id='line_1_31' title="bbox 278 2941 1273 3038; baseline 0.012 -28"><span class='ocrx_word' id='word_1_232' title='bbox 278 2941 435 3010; x_wconf 77' lang='lat' dir='ltr'><strong>familiare</strong></span> <span class='ocrx_word' id='word_1_233' title='bbox 452 2942 569 3026; x_wconf 84' lang='lat' dir='ltr'><strong>&#39;alfici,</strong></span> <span class='ocrx_word' id='word_1_234' title='bbox 610 2941 797 3038; x_wconf 84' lang='lat' dir='ltr'><strong>postquam</strong></span> <span class='ocrx_word' id='word_1_235' title='bbox 828 2971 849 3016; x_wconf 90' lang='lat' dir='ltr'><strong>a</strong></span> <span class='ocrx_word' id='word_1_236' title='bbox 880 2962 913 3018; x_wconf 89' lang='lat' dir='ltr'><strong>te</strong></span> <span class='ocrx_word' id='word_1_237' title='bbox 944 2951 1098 3024; x_wconf 88' lang='lat' dir='ltr'><strong>discessi.</strong></span> <span class='ocrx_word' id='word_1_238' title='bbox 1158 2950 1197 3021; x_wconf 94' lang='lat' dir='ltr'><strong>ld</strong></span> <span class='ocrx_word' id='word_1_239' title='bbox 1226 2977 1273 3022; x_wconf 89' lang='lat' dir='ltr'><strong>an</strong></span> 
     </span>
     <span class='ocr_line' id='line_1_32' title="bbox 280 3041 1272 3140; baseline 0.014 -29"><span class='ocrx_word' id='word_1_240' title='bbox 280 3041 497 3134; x_wconf 81' lang='lat' dir='ltr'><strong>praesagium</strong></span> <span class='ocrx_word' id='word_1_241' title='bbox 514 3065 587 3113; x_wconf 88' lang='lat' dir='ltr'><strong>esse</strong></span> <span class='ocrx_word' id='word_1_242' title='bbox 602 3047 728 3116; x_wconf 91' lang='lat' dir='ltr'><strong>ducam</strong></span> <span class='ocrx_word' id='word_1_243' title='bbox 745 3049 856 3118; x_wconf 86' lang='lat' dir='ltr'><strong>futuri</strong></span> <span class='ocrx_word' id='word_1_244' title='bbox 871 3051 1020 3122; x_wconf 92' lang='lat' dir='ltr'><strong>alicuius</strong></span> <span class='ocrx_word' id='word_1_245' title='bbox 1036 3066 1201 3140; x_wconf 86' lang='lat' dir='ltr'><strong>eventus,</strong></span> <span class='ocrx_word' id='word_1_246' title='bbox 1225 3079 1272 3124; x_wconf 90' lang='lat' dir='ltr'><strong>an</strong></span> 
     </span>
     <span class='ocr_line' id='line_1_33' title="bbox 280 3139 1272 3252; baseline 0.018 -41"><span class='ocrx_word' id='word_1_247' title='bbox 280 3167 363 3212; x_wconf 85' lang='lat' dir='ltr'><strong>vero</strong></span> <span class='ocrx_word' id='word_1_248' title='bbox 381 3145 569 3214; x_wconf 86' lang='lat' dir='ltr'><strong>senectutis</strong></span> <span class='ocrx_word' id='word_1_249' title='bbox 582 3139 724 3232; x_wconf 80' lang='grc' dir='ltr'><strong><em>πάθος,</em></strong></span> <span class='ocrx_word' id='word_1_250' title='bbox 751 3150 889 3224; x_wconf 93' lang='lat' dir='ltr'><strong>dubito.</strong></span> <span class='ocrx_word' id='word_1_251' title='bbox 921 3149 1037 3224; x_wconf 84' lang='lat' dir='ltr'><strong>Habet</strong></span> <span class='ocrx_word' id='word_1_252' title='bbox 1052 3154 1146 3224; x_wconf 87' lang='lat' dir='ltr'><strong>cuim</strong></span> <span class='ocrx_word' id='word_1_253' title='bbox 1162 3175 1272 3252; x_wconf 81' lang='grc' dir='ltr'><strong>στορ-</strong></span> 
     </span>
     <span class='ocr_line' id='line_1_34' title="bbox 278 3241 1273 3343; baseline 0.013 -30"><span class='ocrx_word' id='word_1_254' title='bbox 278 3241 345 3343; x_wconf 71' lang='grc' dir='ltr'><strong>γαὶ</strong></span> <span class='ocrx_word' id='word_1_255' title='bbox 360 3247 407 3313; x_wconf 86' lang='lat' dir='ltr'><strong>in</strong></span> <span class='ocrx_word' id='word_1_256' title='bbox 429 3247 573 3317; x_wconf 85' lang='lat' dir='ltr'><strong>senibus</strong></span> <span class='ocrx_word' id='word_1_257' title='bbox 596 3251 747 3320; x_wconf 86' lang='lat' dir='ltr'><strong>acriores</strong></span> <span class='ocrx_word' id='word_1_258' title='bbox 767 3253 941 3327; x_wconf 89' lang='lat' dir='ltr'><strong>stimulos.</strong></span> <span class='ocrx_word' id='word_1_259' title='bbox 991 3254 1193 3341; x_wconf 88' lang='lat' dir='ltr'><strong>SedDeum</strong></span> <span class='ocrx_word' id='word_1_260' title='bbox 1213 3281 1273 3328; x_wconf 87' lang='lat' dir='ltr'><strong>ae-</strong></span> 
     </span>
    </p>
   </div>
   <div class='ocr_carea' id='block_1_17' title="bbox 280 3350 1273 3538">
    <p class='ocr_par' dir='ltr' id='par_1_20' title="bbox 280 3350 1273 3538">
     <span class='ocr_line' id='line_1_35' title="bbox 280 3350 1273 3446; baseline 0.017 -30"><span class='ocrx_word' id='word_1_261' title='bbox 280 3361 420 3417; x_wconf 88' lang='lat' dir='ltr'><strong>ternum</strong></span> <span class='ocrx_word' id='word_1_262' title='bbox 438 3362 573 3438; x_wconf 87' lang='lat' dir='ltr'><strong>patrem</strong></span> <span class='ocrx_word' id='word_1_263' title='bbox 590 3350 726 3419; x_wconf 89' lang='lat' dir='ltr'><strong>domini</strong></span> <span class='ocrx_word' id='word_1_264' title='bbox 750 3355 863 3424; x_wconf 91' lang='lat' dir='ltr'><strong>nostri</strong></span> <span class='ocrx_word' id='word_1_265' title='bbox 880 3353 960 3426; x_wconf 89' lang='lat' dir='ltr'><strong>lesu</strong></span> <span class='ocrx_word' id='word_1_266' title='bbox 974 3351 1108 3429; x_wconf 87' lang='lat' dir='ltr'><strong>Christi</strong></span> <span class='ocrx_word' id='word_1_267' title='bbox 1123 3383 1206 3446; x_wconf 91' lang='lat' dir='ltr'><strong>oro,</strong></span> <span class='ocrx_word' id='word_1_268' title='bbox 1231 3373 1273 3433; x_wconf 91' lang='lat' dir='ltr'><strong>ut</strong></span> 
     </span>
     <span class='ocr_line' id='line_1_36' title="bbox 280 3461 650 3538; baseline 0.016 -20"><span class='ocrx_word' id='word_1_269' title='bbox 280 3471 347 3518; x_wconf 85' lang='lat' dir='ltr'><strong>uos</strong></span> <span class='ocrx_word' id='word_1_270' title='bbox 363 3461 458 3538; x_wconf 87' lang='lat' dir='ltr'><strong>regat</strong></span> <span class='ocrx_word' id='word_1_271' title='bbox 476 3463 508 3518; x_wconf 84' lang='lat' dir='ltr'><strong>ct</strong></span> <span class='ocrx_word' id='word_1_272' title='bbox 525 3466 650 3524; x_wconf 86' lang='lat' dir='ltr'><strong>servet.</strong></span> 
     </span>
    </p>
   </div>
   <div class='ocr_carea' id='block_1_18' title="bbox 1323 2882 2324 3285">
    <p class='ocr_par' dir='ltr' id='par_1_21' title="bbox 1323 2882 2324 3285">
     <span class='ocr_line' id='line_1_37' title="bbox 1324 2882 2323 2981; baseline -0.001 -22"><span class='ocrx_word' id='word_1_273' title='bbox 1324 2889 1395 2959; x_wconf 91' lang='lat' dir='ltr'><strong>Sed</strong></span> <span class='ocrx_word' id='word_1_274' title='bbox 1421 2913 1559 2981; x_wconf 86' lang='lat' dir='ltr'><strong>semper</strong></span> <span class='ocrx_word' id='word_1_275' title='bbox 1585 2882 1650 2957; x_wconf 90' lang='lat' dir='ltr'><strong>hae</strong></span> <span class='ocrx_word' id='word_1_276' title='bbox 1680 2887 1885 2979; x_wconf 81' lang='lat' dir='ltr'><strong>praestigiae</strong></span> <span class='ocrx_word' id='word_1_277' title='bbox 1915 2887 2066 2981; x_wconf 87' lang='lat' dir='ltr'><strong>speciem</strong></span> <span class='ocrx_word' id='word_1_278' title='bbox 2100 2883 2234 2959; x_wconf 87' lang='lat' dir='ltr'><strong>habent</strong></span> <span class='ocrx_word' id='word_1_279' title='bbox 2262 2913 2323 2958; x_wconf 88' lang='lat' dir='ltr'><strong>sa-</strong></span> 
     </span>
     <span class='ocr_line' id='line_1_38' title="bbox 1325 2985 2322 3083; baseline 0.004 -25"><span class='ocrx_word' id='word_1_280' title='bbox 1325 2991 1497 3083; x_wconf 83' lang='lat' dir='ltr'><strong>pientiae,</strong></span> <span class='ocrx_word' id='word_1_281' title='bbox 1529 3003 1563 3060; x_wconf 87' lang='lat' dir='ltr'><strong>et</strong></span> <span class='ocrx_word' id='word_1_282' title='bbox 1585 3004 1669 3060; x_wconf 88' lang='lat' dir='ltr'><strong>suut</strong></span> <span class='ocrx_word' id='word_1_283' title='bbox 1685 3003 1802 3078; x_wconf 83' lang='lat' dir='ltr'><strong>gratae</strong></span> <span class='ocrx_word' id='word_1_284' title='bbox 1817 2985 1983 3076; x_wconf 85' lang='lat' dir='ltr'><strong>humanis</strong></span> <span class='ocrx_word' id='word_1_285' title='bbox 1997 2989 2150 3074; x_wconf 80' lang='lat' dir='ltr'><strong>iudiciis.</strong></span> <span class='ocrx_word' id='word_1_286' title='bbox 2201 2989 2322 3062; x_wconf 80' lang='lat' dir='ltr'><strong>video</strong></span> 
     </span>
     <span class='ocr_line' id='line_1_39' title="bbox 1323 3088 2324 3186; baseline 0.003 -25"><span class='ocrx_word' id='word_1_287' title='bbox 1323 3091 1460 3186; x_wconf 87' lang='lat' dir='ltr'><strong>aliquid</strong></span> <span class='ocrx_word' id='word_1_288' title='bbox 1475 3093 1549 3162; x_wconf 87' lang='lat' dir='ltr'><strong>sore</strong></span> <span class='ocrx_word' id='word_1_289' title='bbox 1565 3091 1809 3163; x_wconf 84' lang='lat' dir='ltr'><strong>certaminum.</strong></span> <span class='ocrx_word' id='word_1_290' title='bbox 1860 3091 1929 3162; x_wconf 92' lang='lat' dir='ltr'><strong>Sed</strong></span> <span class='ocrx_word' id='word_1_291' title='bbox 1955 3115 2095 3162; x_wconf 89' lang='lat' dir='ltr'><strong>oremus</strong></span> <span class='ocrx_word' id='word_1_292' title='bbox 2109 3088 2247 3178; x_wconf 92' lang='lat' dir='ltr'><strong>Deum,</strong></span> <span class='ocrx_word' id='word_1_293' title='bbox 2278 3107 2324 3164; x_wconf 83' lang='lat' dir='ltr'><strong>ut</strong></span> 
     </span>
     <span class='ocr_line' id='line_1_40' title="bbox 1323 3187 2324 3285; baseline 0.002 -23"><span class='ocrx_word' id='word_1_294' title='bbox 1323 3194 1496 3285; x_wconf 89' lang='lat' dir='ltr'><strong>gubernet</strong></span> <span class='ocrx_word' id='word_1_295' title='bbox 1522 3193 1597 3285; x_wconf 90' lang='lat' dir='ltr'><strong>ipse</strong></span> <span class='ocrx_word' id='word_1_296' title='bbox 1626 3217 1709 3262; x_wconf 88' lang='lat' dir='ltr'><strong>suae</strong></span> <span class='ocrx_word' id='word_1_297' title='bbox 1732 3187 1910 3262; x_wconf 85' lang='lat' dir='ltr'><strong>Ecclesiae</strong></span> <span class='ocrx_word' id='word_1_298' title='bbox 1935 3216 2094 3273; x_wconf 86' lang='lat' dir='ltr'><strong>causam,</strong></span> <span class='ocrx_word' id='word_1_299' title='bbox 2135 3195 2324 3264; x_wconf 87' lang='lat' dir='ltr'><strong>etlumen</strong></span> 
     </span>
    </p>
   </div>
   <div class='ocr_carea' id='block_1_19' title="bbox 1323 3285 2429 3388">
    <p class='ocr_par' dir='ltr' id='par_1_22' title="bbox 1323 3285 2429 3388">
     <span class='ocr_line' id='line_1_41' title="bbox 1323 3285 2429 3388; baseline 0 -24"><span class='ocrx_word' id='word_1_300' title='bbox 1323 3291 1528 3388; x_wconf 83' lang='lat' dir='ltr'><strong>Evangelii,</strong></span> <span class='ocrx_word' id='word_1_301' title='bbox 1566 3317 1673 3364; x_wconf 92' lang='lat' dir='ltr'><strong>neca</strong></span> <span class='ocrx_word' id='word_1_302' title='bbox 1697 3287 1894 3388; x_wconf 88' lang='lat' dir='ltr'><strong>Sophistis,</strong></span> <span class='ocrx_word' id='word_1_303' title='bbox 1927 3317 1993 3364; x_wconf 88' lang='lat' dir='ltr'><strong>nec</strong></span> <span class='ocrx_word' id='word_1_304' title='bbox 2016 3285 2037 3364; x_wconf 75' lang='lat' dir='ltr'><strong>a</strong></span> <span class='ocrx_word' id='word_1_305' title='bbox 2060 3291 2190 3364; x_wconf 90' lang='lat' dir='ltr'><strong>Turcis</strong></span> <span class='ocrx_word' id='word_1_306' title='bbox 2210 3295 2323 3366; x_wconf 88' lang='lat' dir='ltr'><strong>obrui</strong></span> <span class='ocrx_word' id='word_1_307' title='bbox 2428 3355 2429 3376; x_wconf 67' lang='lat'><strong>,</strong></span> 
     </span>
    </p>
   </div>
   <div class='ocr_carea' id='block_1_20' title="bbox 1324 3397 1429 3470">
    <p class='ocr_par' dir='ltr' id='par_1_23' title="bbox 1324 3397 1429 3470">
     <span class='ocr_line' id='line_1_42' title="bbox 1324 3397 1429 3470; baseline 0.038 -5"><span class='ocrx_word' id='word_1_308' title='bbox 1324 3397 1429 3470; x_wconf 90' lang='lat' dir='ltr'><strong>sinat.</strong></span> 
     </span>
    </p>
   </div>
   <div class='ocr_carea' id='block_1_21' title="bbox 182 3488 2323 4412">
    <p class='ocr_par' dir='ltr' id='par_1_24' title="bbox 182 3488 2323 4258">
     <span class='ocr_line' id='line_1_43' title="bbox 1328 3488 2323 3595; baseline -0.004 -25"><span class='ocrx_word' id='word_1_309' title='bbox 1328 3494 1345 3570; x_wconf 56' lang='lat' dir='ltr'><strong>&#39;r</strong></span> <span class='ocrx_word' id='word_1_310' title='bbox 1407 3494 1567 3590; x_wconf 90' lang='lat' dir='ltr'><strong>Principi</strong></span> <span class='ocrx_word' id='word_1_311' title='bbox 1582 3488 2282 3570; x_wconf 80' lang='lat' dir='ltr'><strong>lllustriGuIieImoComitiNessaensi</strong></span> <span class='ocrx_word' id='word_1_312' title='bbox 2293 3493 2323 3595; x_wconf 87' lang='lat'><strong>¹)</strong></span> 
     </span>
     <span class='ocr_line' id='line_1_44' title="bbox 380 3579 2323 3692; baseline 0.012 -44"><span class='ocrx_word' id='word_1_313' title='bbox 380 3579 561 3652; x_wconf 83' lang='lat' dir='ltr'><strong>Hactenus</strong></span> <span class='ocrx_word' id='word_1_314' title='bbox 586 3581 655 3654; x_wconf 89' lang='lat' dir='ltr'><strong>iter</strong></span> <span class='ocrx_word' id='word_1_315' title='bbox 677 3585 742 3654; x_wconf 83' lang='lat' dir='ltr'><strong>leci</strong></span> <span class='ocrx_word' id='word_1_316' title='bbox 765 3613 828 3684; x_wconf 89' lang='lat' dir='ltr'><strong>per</strong></span> <span class='ocrx_word' id='word_1_317' title='bbox 851 3613 933 3661; x_wconf 90' lang='lat' dir='ltr'><strong>rura</strong></span> <span class='ocrx_word' id='word_1_318' title='bbox 957 3589 1171 3684; x_wconf 88' lang='lat' dir='ltr'><strong>Turingica,</strong></span> <span class='ocrx_word' id='word_1_319' title='bbox 1207 3595 1274 3666; x_wconf 87' lang='lat' dir='ltr'><strong>ubi</strong></span> <span class='ocrx_word' id='word_1_320' title='bbox 1324 3599 1412 3668; x_wconf 89' lang='lat' dir='ltr'><strong>meis</strong></span> <span class='ocrx_word' id='word_1_321' title='bbox 1428 3600 1545 3668; x_wconf 82' lang='lat' dir='ltr'><strong>verbis</strong></span> <span class='ocrx_word' id='word_1_322' title='bbox 1563 3611 1764 3667; x_wconf 88' lang='lat' dir='ltr'><strong>reverenter</strong></span> <span class='ocrx_word' id='word_1_323' title='bbox 1780 3619 1858 3687; x_wconf 89' lang='lat' dir='ltr'><strong>ages</strong></span> <span class='ocrx_word' id='word_1_324' title='bbox 1874 3599 2015 3687; x_wconf 87' lang='lat' dir='ltr'><strong>gratias.</strong></span> <span class='ocrx_word' id='word_1_325' title='bbox 2067 3597 2152 3670; x_wconf 89' lang='lat' dir='ltr'><strong>Tibi</strong></span> <span class='ocrx_word' id='word_1_326' title='bbox 2175 3623 2323 3692; x_wconf 88' lang='lat' dir='ltr'><strong>quoque</strong></span> 
     </span>
     <span class='ocr_line' id='line_1_45' title="bbox 182 3671 2321 3792; baseline 0.011 -42"><span class='ocrx_word' id='word_1_327' title='bbox 182 3767 188 3781; x_wconf 28' lang='grc' dir='ltr'><strong><em>ι</em></strong></span> <span class='ocrx_word' id='word_1_328' title='bbox 282 3671 350 3752; x_wconf 90' lang='lat' dir='ltr'><strong>hoc</strong></span> <span class='ocrx_word' id='word_1_329' title='bbox 365 3683 509 3753; x_wconf 90' lang='lat' dir='ltr'><strong>nomine</strong></span> <span class='ocrx_word' id='word_1_330' title='bbox 524 3686 661 3756; x_wconf 89' lang='lat' dir='ltr'><strong>beatius</strong></span> <span class='ocrx_word' id='word_1_331' title='bbox 679 3687 828 3770; x_wconf 86' lang='lat' dir='ltr'><strong>vivitur,</strong></span> <span class='ocrx_word' id='word_1_332' title='bbox 854 3693 936 3784; x_wconf 91' lang='lat' dir='ltr'><strong>quia</strong></span> <span class='ocrx_word' id='word_1_333' title='bbox 951 3695 1042 3762; x_wconf 90' lang='lat' dir='ltr'><strong>nulli</strong></span> <span class='ocrx_word' id='word_1_334' title='bbox 1058 3695 1166 3766; x_wconf 91' lang='lat' dir='ltr'><strong>ibide</strong></span> <span class='ocrx_word' id='word_1_335' title='bbox 1180 3693 1273 3789; x_wconf 86' lang='lat' dir='ltr'><strong>Rep.</strong></span> <span class='ocrx_word' id='word_1_336' title='bbox 1325 3701 1473 3790; x_wconf 87' lang='lat' dir='ltr'><strong>gratiam</strong></span> <span class='ocrx_word' id='word_1_337' title='bbox 1503 3695 1618 3780; x_wconf 91' lang='lat' dir='ltr'><strong>habeo</strong></span> <span class='ocrx_word' id='word_1_338' title='bbox 1649 3722 1715 3789; x_wconf 90' lang='lat' dir='ltr'><strong>pro</strong></span> <span class='ocrx_word' id='word_1_339' title='bbox 1736 3699 1902 3768; x_wconf 89' lang='lat' dir='ltr'><strong>omnibus</strong></span> <span class='ocrx_word' id='word_1_340' title='bbox 1926 3697 2061 3772; x_wconf 87' lang='lat' dir='ltr'><strong>officiis.</strong></span> <span class='ocrx_word' id='word_1_341' title='bbox 2118 3695 2321 3792; x_wconf 88' lang='lat' dir='ltr'><strong>Episcopus</strong></span> 
     </span>
     <span class='ocr_line' id='line_1_46' title="bbox 282 3787 2323 3874; baseline 0.01 -22"><span class='ocrx_word' id='word_1_342' title='bbox 282 3806 461 3854; x_wconf 87' lang='lat' dir='ltr'><strong>sermones</strong></span> <span class='ocrx_word' id='word_1_343' title='bbox 478 3787 685 3861; x_wconf 90' lang='lat' dir='ltr'><strong>audiuntur.</strong></span> <span class='ocrx_word' id='word_1_344' title='bbox 737 3787 791 3858; x_wconf 87' lang='lat' dir='ltr'><strong>Te</strong></span> <span class='ocrx_word' id='word_1_345' title='bbox 807 3815 880 3861; x_wconf 91' lang='lat' dir='ltr'><strong>non</strong></span> <span class='ocrx_word' id='word_1_346' title='bbox 895 3794 1021 3864; x_wconf 88' lang='lat' dir='ltr'><strong>dubito</strong></span> <span class='ocrx_word' id='word_1_347' title='bbox 1038 3795 1108 3865; x_wconf 90' lang='lat' dir='ltr'><strong>iam</strong></span> <span class='ocrx_word' id='word_1_348' title='bbox 1121 3799 1165 3865; x_wconf 89' lang='lat' dir='ltr'><strong>de</strong></span> <span class='ocrx_word' id='word_1_349' title='bbox 1187 3821 1274 3868; x_wconf 89' lang='lat' dir='ltr'><strong>con·</strong></span> <span class='ocrx_word' id='word_1_350' title='bbox 1325 3798 1433 3872; x_wconf 89' lang='lat' dir='ltr'><strong>hodie</strong></span> <span class='ocrx_word' id='word_1_351' title='bbox 1462 3825 1526 3872; x_wconf 80' lang='lat' dir='ltr'><strong>cros</strong></span> <span class='ocrx_word' id='word_1_352' title='bbox 1550 3799 1691 3870; x_wconf 88' lang='lat' dir='ltr'><strong>vocavit</strong></span> <span class='ocrx_word' id='word_1_353' title='bbox 1714 3799 1751 3870; x_wconf 90' lang='lat' dir='ltr'><strong>in</strong></span> <span class='ocrx_word' id='word_1_354' title='bbox 1777 3799 1930 3870; x_wconf 87' lang='lat' dir='ltr'><strong>vicinam</strong></span> <span class='ocrx_word' id='word_1_355' title='bbox 1955 3823 2082 3874; x_wconf 85' lang='lat' dir='ltr'><strong>arcem.</strong></span> <span class='ocrx_word' id='word_1_356' title='bbox 2140 3797 2194 3872; x_wconf 90' lang='lat' dir='ltr'><strong>De</strong></span> <span class='ocrx_word' id='word_1_357' title='bbox 2218 3799 2323 3872; x_wconf 87' lang='lat' dir='ltr'><strong>Cou-</strong></span> 
     </span>
     <span class='ocr_line' id='line_1_47' title="bbox 283 3886 2322 3998; baseline 0.01 -45"><span class='ocrx_word' id='word_1_358' title='bbox 283 3898 409 3954; x_wconf 83' lang='lat' dir='ltr'><strong>ventus</strong></span> <span class='ocrx_word' id='word_1_359' title='bbox 425 3886 538 3972; x_wconf 85' lang='lat' dir='ltr'><strong>exitu,</strong></span> <span class='ocrx_word' id='word_1_360' title='bbox 568 3889 673 3957; x_wconf 81' lang='lat' dir='ltr'><strong>foedo</strong></span> <span class='ocrx_word' id='word_1_361' title='bbox 697 3904 737 3959; x_wconf 92' lang='lat' dir='ltr'><strong>ut</strong></span> <span class='ocrx_word' id='word_1_362' title='bbox 760 3905 898 3978; x_wconf 90' lang='lat' dir='ltr'><strong>metuo,</strong></span> <span class='ocrx_word' id='word_1_363' title='bbox 924 3892 1060 3965; x_wconf 84' lang='lat' dir='ltr'><strong>litteras</strong></span> <span class='ocrx_word' id='word_1_364' title='bbox 1084 3891 1274 3997; x_wconf 73' lang='lat' dir='ltr'><strong>habere*).</strong></span> <span class='ocrx_word' id='word_1_365' title='bbox 1327 3915 1435 3974; x_wconf 89' lang='lat' dir='ltr'><strong>ventu</strong></span> <span class='ocrx_word' id='word_1_366' title='bbox 1455 3901 1706 3990; x_wconf 85' lang='lat' dir='ltr'><strong>Noribergensi</strong></span> <span class='ocrx_word' id='word_1_367' title='bbox 1730 3925 1795 3970; x_wconf 90' lang='lat' dir='ltr'><strong>nec</strong></span> <span class='ocrx_word' id='word_1_368' title='bbox 1818 3903 1898 3971; x_wconf 91' lang='lat' dir='ltr'><strong>aula</strong></span> <span class='ocrx_word' id='word_1_369' title='bbox 1920 3901 2050 3973; x_wconf 85' lang='lat' dir='ltr'><strong>sciebat</strong></span> <span class='ocrx_word' id='word_1_370' title='bbox 2069 3898 2186 3973; x_wconf 87' lang='lat' dir='ltr'><strong>adhuc</strong></span> <span class='ocrx_word' id='word_1_371' title='bbox 2210 3904 2322 3998; x_wconf 87' lang='lat' dir='ltr'><strong>quid-</strong></span> 
     </span>
     <span class='ocr_line' id='line_1_48' title="bbox 284 3983 2321 4098; baseline 0.01 -44"><span class='ocrx_word' id='word_1_372' title='bbox 284 3983 410 4074; x_wconf 87' lang='lat' dir='ltr'><strong>Qualis</strong></span> <span class='ocrx_word' id='word_1_373' title='bbox 443 3989 488 4060; x_wconf 88' lang='lat' dir='ltr'><strong>sit</strong></span> <span class='ocrx_word' id='word_1_374' title='bbox 521 3989 713 4061; x_wconf 87' lang='lat' dir='ltr'><strong>ratiocinor</strong></span> <span class='ocrx_word' id='word_1_375' title='bbox 746 4016 786 4061; x_wconf 82' lang='lat' dir='ltr'><strong>ex</strong></span> <span class='ocrx_word' id='word_1_376' title='bbox 811 3995 942 4064; x_wconf 88' lang='lat' dir='ltr'><strong>caussis</strong></span> <span class='ocrx_word' id='word_1_377' title='bbox 967 3995 1273 4096; x_wconf 68' lang='grc' dir='ltr'><em>προηγουμένως,</em></span> <span class='ocrx_word' id='word_1_378' title='bbox 1326 4029 1432 4098; x_wconf 91' lang='lat' dir='ltr'><strong>quam</strong></span> <span class='ocrx_word' id='word_1_379' title='bbox 1454 4003 1550 4077; x_wconf 89' lang='lat' dir='ltr'><strong>certi.</strong></span> <span class='ocrx_word' id='word_1_380' title='bbox 1611 3999 1691 4074; x_wconf 87' lang='lat' dir='ltr'><strong>Una</strong></span> <span class='ocrx_word' id='word_1_381' title='bbox 1714 3996 1779 4072; x_wconf 89' lang='lat' dir='ltr'><strong>hac</strong></span> <span class='ocrx_word' id='word_1_382' title='bbox 1804 4027 1858 4070; x_wconf 93' lang='lat' dir='ltr'><strong>me</strong></span> <span class='ocrx_word' id='word_1_383' title='bbox 1881 4003 2124 4074; x_wconf 89' lang='lat' dir='ltr'><strong>consolatione</strong></span> <span class='ocrx_word' id='word_1_384' title='bbox 2147 4018 2321 4092; x_wconf 90' lang='lat' dir='ltr'><strong>sustento,</strong></span> 
     </span>
     <span class='ocr_line' id='line_1_49' title="bbox 284 4087 2323 4258; baseline 0.01 -102"><span class='ocrx_word' id='word_1_385' title='bbox 284 4109 373 4258; x_wconf 53' lang='lat' dir='ltr'><strong>grae</strong></span> <span class='ocrx_word' id='word_1_386' title='bbox 399 4101 501 4158; x_wconf 88' lang='lat' dir='ltr'><strong>uotae</strong></span> <span class='ocrx_word' id='word_1_387' title='bbox 524 4105 619 4164; x_wconf 92' lang='lat' dir='ltr'><strong>sunt.</strong></span> <span class='ocrx_word' id='word_1_388' title='bbox 670 4087 757 4162; x_wconf 88' lang='lat' dir='ltr'><strong>Heri</strong></span> <span class='ocrx_word' id='word_1_389' title='bbox 782 4095 887 4164; x_wconf 87' lang='lat' dir='ltr'><strong>etiam</strong></span> <span class='ocrx_word' id='word_1_390' title='bbox 913 4097 1059 4190; x_wconf 89' lang='lat' dir='ltr'><strong>quidam</strong></span> <span class='ocrx_word' id='word_1_391' title='bbox 1080 4099 1275 4175; x_wconf 85' lang='lat' dir='ltr'><strong>affirmabat</strong></span> <span class='ocrx_word' id='word_1_392' title='bbox 1326 4107 1421 4202; x_wconf 90' lang='lat' dir='ltr'><strong>quod</strong></span> <span class='ocrx_word' id='word_1_393' title='bbox 1449 4107 1521 4176; x_wconf 87' lang='lat' dir='ltr'><strong>scio</strong></span> <span class='ocrx_word' id='word_1_394' title='bbox 1544 4103 1621 4174; x_wconf 90' lang='lat' dir='ltr'><strong>Deo</strong></span> <span class='ocrx_word' id='word_1_395' title='bbox 1648 4129 1752 4175; x_wconf 88' lang='lat' dir='ltr'><strong>curae</strong></span> <span class='ocrx_word' id='word_1_396' title='bbox 1782 4126 1854 4172; x_wconf 91' lang='lat' dir='ltr'><strong>esse</strong></span> <span class='ocrx_word' id='word_1_397' title='bbox 1873 4099 2086 4192; x_wconf 86' lang='lat' dir='ltr'><strong>Ecclesiam,</strong></span> <span class='ocrx_word' id='word_1_398' title='bbox 2126 4131 2232 4200; x_wconf 86' lang='lat' dir='ltr'><strong>quam</strong></span> <span class='ocrx_word' id='word_1_399' title='bbox 2260 4121 2323 4176; x_wconf 89' lang='lat' dir='ltr'><strong>tu·</strong></span> 
     </span>
    </p>

    <p class='ocr_par' dir='ltr' id='par_1_25' title="bbox 284 4173 2321 4412">
     <span class='ocr_line' id='line_1_50' title="bbox 323 4173 2321 4307; baseline 0.012 -52"><span class='ocrx_word' id='word_1_400' title='bbox 323 4188 511 4257; x_wconf 77' lang='lat' dir='ltr'><strong>ronvelnm</strong></span> <span class='ocrx_word' id='word_1_401' title='bbox 527 4193 671 4263; x_wconf 75' lang='lat' dir='ltr'><strong>dixisse:</strong></span> <span class='ocrx_word' id='word_1_402' title='bbox 698 4185 878 4264; x_wconf 77' lang='lat' dir='ltr'><strong>Catulum</strong></span> <span class='ocrx_word' id='word_1_403' title='bbox 892 4192 961 4300; x_wconf 87' lang='lat' dir='ltr'><strong>hoc</strong></span> <span class='ocrx_word' id='word_1_404' title='bbox 975 4223 1070 4270; x_wconf 87' lang='lat' dir='ltr'><strong>anno</strong></span> <span class='ocrx_word' id='word_1_405' title='bbox 1086 4225 1160 4272; x_wconf 90' lang='lat' dir='ltr'><strong>non</strong></span> <span class='ocrx_word' id='word_1_406' title='bbox 1173 4227 1274 4296; x_wconf 88' lang='lat' dir='ltr'><strong>posse</strong></span> <span class='ocrx_word' id='word_1_407' title='bbox 1297 4173 1302 4307; x_wconf 70' lang='lat' dir='ltr'><strong>l</strong></span> <span class='ocrx_word' id='word_1_408' title='bbox 1327 4209 1586 4278; x_wconf 88' lang='lat' dir='ltr'><strong>multuautibus</strong></span> <span class='ocrx_word' id='word_1_409' title='bbox 1619 4221 1654 4276; x_wconf 87' lang='lat' dir='ltr'><strong>et</strong></span> <span class='ocrx_word' id='word_1_410' title='bbox 1686 4206 1872 4275; x_wconf 88' lang='lat' dir='ltr'><strong>ruentibus</strong></span> <span class='ocrx_word' id='word_1_411' title='bbox 1907 4202 2066 4298; x_wconf 87' lang='lat' dir='ltr'><strong>lmperiis</strong></span> <span class='ocrx_word' id='word_1_412' title='bbox 2104 4207 2321 4278; x_wconf 85' lang='lat' dir='ltr'><strong>mirabiliter</strong></span> 
     </span>
     <span class='ocr_line' id='line_1_51' title="bbox 284 4289 2320 4412; baseline 0.009 -52"><span class='ocrx_word' id='word_1_413' title='bbox 284 4291 323 4360; x_wconf 89' lang='lat' dir='ltr'><strong>in</strong></span> <span class='ocrx_word' id='word_1_414' title='bbox 341 4289 569 4362; x_wconf 89' lang='lat' dir='ltr'><strong>Germaniam</strong></span> <span class='ocrx_word' id='word_1_415' title='bbox 587 4294 718 4368; x_wconf 89' lang='lat' dir='ltr'><strong>venire.</strong></span> <span class='ocrx_word' id='word_1_416' title='bbox 755 4295 825 4368; x_wconf 89' lang='lat' dir='ltr'><strong>Sed</strong></span> <span class='ocrx_word' id='word_1_417' title='bbox 842 4295 1274 4412; x_wconf 74' lang='lat' dir='ltr'><strong>ComesSunrcebnrgips</strong></span> <span class='ocrx_word' id='word_1_418' title='bbox 1327 4311 1491 4394; x_wconf 88' lang='lat' dir='ltr'><strong>servabit,</strong></span> <span class='ocrx_word' id='word_1_419' title='bbox 1515 4308 1580 4380; x_wconf 86' lang='lat' dir='ltr'><strong>etsi</strong></span> <span class='ocrx_word' id='word_1_420' title='bbox 1596 4307 1721 4378; x_wconf 78' lang='lat' dir='ltr'><strong>resinae</strong></span> <span class='ocrx_word' id='word_1_421' title='bbox 1736 4305 1971 4399; x_wconf 85' lang='lat' dir='ltr'><strong>lmperiorum</strong></span> <span class='ocrx_word' id='word_1_422' title='bbox 1987 4332 2063 4377; x_wconf 90' lang='lat' dir='ltr'><strong>eam</strong></span> <span class='ocrx_word' id='word_1_423' title='bbox 2078 4309 2215 4381; x_wconf 86' lang='lat' dir='ltr'><strong>duriter</strong></span> <span class='ocrx_word' id='word_1_424' title='bbox 2230 4333 2320 4380; x_wconf 86' lang='lat' dir='ltr'><strong>con·</strong></span> 
     </span>
    </p>
   </div>
   <div class='ocr_carea' id='block_1_22' title="bbox 284 4383 1275 4568">
    <p class='ocr_par' dir='ltr' id='par_1_26' title="bbox 284 4383 1275 4568">
     <span class='ocr_line' id='line_1_52' title="bbox 284 4383 1275 4498; baseline 0.015 -36"><span class='ocrx_word' id='word_1_425' title='bbox 284 4391 416 4473; x_wconf 83' lang='lat' dir='ltr'><strong>aiebat,</strong></span> <span class='ocrx_word' id='word_1_426' title='bbox 443 4393 541 4463; x_wconf 90' lang='lat' dir='ltr'><strong>brevi</strong></span> <span class='ocrx_word' id='word_1_427' title='bbox 555 4383 750 4498; x_wconf 75' lang='lat' dir='ltr'><strong>hiiuturum</strong></span> <span class='ocrx_word' id='word_1_428' title='bbox 767 4421 856 4470; x_wconf 82' lang='lat' dir='ltr'><strong>esse:</strong></span> <span class='ocrx_word' id='word_1_429' title='bbox 889 4403 1088 4496; x_wconf 83' lang='lat' dir='ltr'><strong>etquidem</strong></span> <span class='ocrx_word' id='word_1_430' title='bbox 1113 4430 1193 4478; x_wconf 91' lang='lat' dir='ltr'><strong>cum</strong></span> <span class='ocrx_word' id='word_1_431' title='bbox 1214 4432 1275 4477; x_wconf 85' lang='lat' dir='ltr'><strong>ex-</strong></span> 
     </span>
     <span class='ocr_line' id='line_1_53' title="bbox 284 4494 1204 4568; baseline 0.017 -6"><span class='ocrx_word' id='word_1_432' title='bbox 284 4494 405 4568; x_wconf 89' lang='lat' dir='ltr'><strong>ercitu.</strong></span> <span class='ocrx_word' id='word_1_433' title='bbox 1200 4503 1204 4512; x_wconf 80' lang='grc'><strong>’</strong></span> 
     </span>
    </p>
   </div>
   <div class='ocr_carea' id='block_1_23' title="bbox 384 4625 1274 4732">
    <p class='ocr_par' dir='ltr' id='par_1_27' title="bbox 384 4625 1274 4732">
     <span class='ocr_line' id='line_1_54' title="bbox 384 4625 1274 4732; baseline 0.012 -32"><span class='ocrx_word' id='word_1_434' title='bbox 384 4625 512 4719; x_wconf 84' lang='lat' dir='ltr'><strong>Relegi</strong></span> <span class='ocrx_word' id='word_1_435' title='bbox 534 4651 671 4720; x_wconf 86' lang='lat' dir='ltr'><strong>grecam</strong></span> <span class='ocrx_word' id='word_1_436' title='bbox 695 4631 879 4723; x_wconf 86' lang='lat' dir='ltr'><strong>epistolam</strong></span> <span class='ocrx_word' id='word_1_437' title='bbox 908 4635 947 4704; x_wconf 87' lang='lat' dir='ltr'><strong>in</strong></span> <span class='ocrx_word' id='word_1_438' title='bbox 980 4636 1123 4725; x_wconf 89' lang='lat' dir='ltr'><strong>itincre,</strong></span> <span class='ocrx_word' id='word_1_439' title='bbox 1163 4641 1274 4732; x_wconf 82' lang='lat' dir='ltr'><strong>magis</strong></span> 
     </span>
    </p>
   </div>
   <div class='ocr_carea' id='block_1_24' title="bbox 1326 4405 2321 4705">
    <p class='ocr_par' dir='ltr' id='par_1_28' title="bbox 1326 4405 2321 4705">
     <span class='ocr_line' id='line_1_55' title="bbox 1326 4405 2321 4484; baseline 0 -3"><span class='ocrx_word' id='word_1_440' title='bbox 1326 4411 1477 4484; x_wconf 85' lang='lat' dir='ltr'><strong>cutinnt.</strong></span> <span class='ocrx_word' id='word_1_441' title='bbox 1534 4407 1632 4479; x_wconf 89' lang='lat' dir='ltr'><strong>Bene</strong></span> <span class='ocrx_word' id='word_1_442' title='bbox 1658 4409 1735 4478; x_wconf 86' lang='lat' dir='ltr'><strong>vale</strong></span> <span class='ocrx_word' id='word_1_443' title='bbox 1759 4407 1938 4478; x_wconf 88' lang='lat' dir='ltr'><strong>carissime</strong></span> <span class='ocrx_word' id='word_1_444' title='bbox 1965 4405 2157 4484; x_wconf 90' lang='lat' dir='ltr'><strong>Guilelme.</strong></span> <span class='ocrx_word' id='word_1_445' title='bbox 2199 4409 2259 4480; x_wconf 90' lang='lat' dir='ltr'><strong>die</strong></span> <span class='ocrx_word' id='word_1_446' title='bbox 2283 4408 2321 4484; x_wconf 83' lang='lat'><strong>6.</strong></span> 
     </span>
     <span class='ocr_line' id='line_1_56' title="bbox 1326 4509 1617 4588; baseline 0.007 -6"><span class='ocrx_word' id='word_1_447' title='bbox 1326 4509 1429 4588; x_wconf 88' lang='lat' dir='ltr'><strong>Maii.</strong></span> <span class='ocrx_word' id='word_1_448' title='bbox 1458 4510 1617 4584; x_wconf 88' lang='lat' dir='ltr'><strong>Bonnae.</strong></span> 
     </span>
     <span class='ocr_line' id='line_1_57' title="bbox 1836 4604 2272 4705; baseline 0.009 -25"><span class='ocrx_word' id='word_1_449' title='bbox 1836 4604 2025 4705; x_wconf 86' lang='lat' dir='ltr'><strong>Philippus</strong></span> <span class='ocrx_word' id='word_1_450' title='bbox 2041 4605 2272 4684; x_wconf 89' lang='lat' dir='ltr'><strong>Melanthon.</strong></span> 
     </span>
    </p>
   </div>
   <div class='ocr_carea' id='block_1_25' title="bbox 285 4727 1433 4832">
    <p class='ocr_par' dir='ltr' id='par_1_29' title="bbox 285 4727 1433 4832">
     <span class='ocr_line' id='line_1_58' title="bbox 285 4727 1433 4832; baseline 0.016 -33"><span class='ocrx_word' id='word_1_451' title='bbox 285 4727 403 4799; x_wconf 89' lang='lat' dir='ltr'><strong>ocioso</strong></span> <span class='ocrx_word' id='word_1_452' title='bbox 419 4731 558 4815; x_wconf 90' lang='lat' dir='ltr'><strong>animo,</strong></span> <span class='ocrx_word' id='word_1_453' title='bbox 585 4757 676 4824; x_wconf 83' lang='lat' dir='ltr'><strong>quaa</strong></span> <span class='ocrx_word' id='word_1_454' title='bbox 692 4735 834 4804; x_wconf 88' lang='lat' dir='ltr'><strong>videtur</strong></span> <span class='ocrx_word' id='word_1_455' title='bbox 849 4733 940 4806; x_wconf 90' lang='lat' dir='ltr'><strong>mihi</strong></span> <span class='ocrx_word' id='word_1_456' title='bbox 955 4740 1118 4832; x_wconf 87' lang='lat' dir='ltr'><strong>quidem,</strong></span> <span class='ocrx_word' id='word_1_457' title='bbox 1143 4742 1273 4814; x_wconf 81' lang='lat' dir='ltr'><strong>referre</strong></span> <span class='ocrx_word' id='word_1_458' title='bbox 1339 4813 1433 4826; x_wconf 47' lang='lat'><strong>„-</strong></span> 
     </span>
    </p>
   </div>
   <div class='ocr_carea' id='block_1_26' title="bbox 283 4827 1273 4933">
    <p class='ocr_par' dir='ltr' id='par_1_30' title="bbox 283 4827 1273 4933">
     <span class='ocr_line' id='line_1_59' title="bbox 283 4827 1273 4933; baseline 0.014 -33"><span class='ocrx_word' id='word_1_459' title='bbox 283 4827 427 4900; x_wconf 84' lang='lat' dir='ltr'><strong>Libanii</strong></span> <span class='ocrx_word' id='word_1_460' title='bbox 444 4837 675 4928; x_wconf 80' lang='grc' dir='ltr'><strong>χαρακτῆρα.</strong></span> <span class='ocrx_word' id='word_1_461' title='bbox 735 4833 854 4908; x_wconf 90' lang='lat' dir='ltr'><strong>Miror</strong></span> <span class='ocrx_word' id='word_1_462' title='bbox 875 4863 946 4933; x_wconf 88' lang='lat' dir='ltr'><strong>quo</strong></span> <span class='ocrx_word' id='word_1_463' title='bbox 971 4841 1118 4914; x_wconf 88' lang='lat' dir='ltr'><strong>consilio</strong></span> <span class='ocrx_word' id='word_1_464' title='bbox 1140 4845 1184 4912; x_wconf 91' lang='lat' dir='ltr'><strong>ad</strong></span> <span class='ocrx_word' id='word_1_465' title='bbox 1208 4868 1273 4916; x_wconf 88' lang='lat' dir='ltr'><strong>nos</strong></span> 
     </span>
    </p>
   </div>
   <div class='ocr_carea' id='block_1_27' title="bbox 285 4930 1521 5026">
    <p class='ocr_par' dir='ltr' id='par_1_31' title="bbox 285 4930 1521 5026">
     <span class='ocr_line' id='line_1_60' title="bbox 285 4930 1521 5026; baseline 0.012 -27"><span class='ocrx_word' id='word_1_466' title='bbox 285 4932 413 5022; x_wconf 86' lang='lat' dir='ltr'><strong>scripta</strong></span> <span class='ocrx_word' id='word_1_467' title='bbox 435 4935 491 5004; x_wconf 89' lang='lat' dir='ltr'><strong>sit.</strong></span> <span class='ocrx_word' id='word_1_468' title='bbox 547 4933 636 5004; x_wconf 88' lang='lat' dir='ltr'><strong>Nam</strong></span> <span class='ocrx_word' id='word_1_469' title='bbox 664 4930 730 5006; x_wconf 83' lang='lat' dir='ltr'><strong>hae</strong></span> <span class='ocrx_word' id='word_1_470' title='bbox 753 4942 1013 5026; x_wconf 82' lang='lat' dir='ltr'><strong>coutroversiae</strong></span> <span class='ocrx_word' id='word_1_471' title='bbox 1035 4957 1175 5015; x_wconf 87' lang='lat' dir='ltr'><strong>nostrae</strong></span> <span class='ocrx_word' id='word_1_472' title='bbox 1198 4971 1272 5015; x_wconf 90' lang='lat' dir='ltr'><strong>non</strong></span> <span class='ocrx_word' id='word_1_473' title='bbox 1325 4945 1392 5019; x_wconf 92' lang='lat' dir='ltr'><strong>No.</strong></span> <span class='ocrx_word' id='word_1_474' title='bbox 1408 4938 1521 5014; x_wconf 79' lang='lat'><strong>2694.</strong></span> 
     </span>
    </p>
   </div>
   <div class='ocr_carea' id='block_1_28' title="bbox 284 5033 1275 5240">
    <p class='ocr_par' dir='ltr' id='par_1_32' title="bbox 284 5033 1275 5240">
     <span class='ocr_line' id='line_1_61' title="bbox 284 5033 1274 5126; baseline 0.015 -25"><span class='ocrx_word' id='word_1_475' title='bbox 284 5033 524 5126; x_wconf 84' lang='lat' dir='ltr'><strong>impedierunt</strong></span> <span class='ocrx_word' id='word_1_476' title='bbox 539 5037 685 5108; x_wconf 87' lang='lat' dir='ltr'><strong>consilia</strong></span> <span class='ocrx_word' id='word_1_477' title='bbox 698 5037 913 5114; x_wconf 81' lang='lat' dir='ltr'><strong>defensionis</strong></span> <span class='ocrx_word' id='word_1_478' title='bbox 926 5044 984 5114; x_wconf 84' lang='lat' dir='ltr'><strong>rel</strong></span> <span class='ocrx_word' id='word_1_479' title='bbox 997 5043 1204 5117; x_wconf 85' lang='lat' dir='ltr'><strong>Pannoniae</strong></span> <span class='ocrx_word' id='word_1_480' title='bbox 1217 5049 1274 5118; x_wconf 90' lang='lat' dir='ltr'><strong>vel</strong></span> 
     </span>
     <span class='ocr_line' id='line_1_62' title="bbox 285 5133 1275 5240; baseline 0.011 -32"><span class='ocrx_word' id='word_1_481' title='bbox 285 5134 429 5228; x_wconf 79' lang='lat' dir='ltr'><strong>patriae.</strong></span> <span class='ocrx_word' id='word_1_482' title='bbox 491 5133 699 5230; x_wconf 90' lang='lat' dir='ltr'><strong>Principum</strong></span> <span class='ocrx_word' id='word_1_483' title='bbox 733 5142 889 5233; x_wconf 86' lang='lat' dir='ltr'><strong>privatae</strong></span> <span class='ocrx_word' id='word_1_484' title='bbox 918 5145 1127 5240; x_wconf 88' lang='lat' dir='ltr'><strong>cupiditates</strong></span> <span class='ocrx_word' id='word_1_485' title='bbox 1161 5148 1275 5240; x_wconf 89' lang='lat' dir='ltr'><strong>impe-</strong></span> 
     </span>
    </p>
   </div>
   <div class='ocr_carea' id='block_1_29' title="bbox 253 5421 1272 5514">
    <p class='ocr_par' dir='ltr' id='par_1_33' title="bbox 253 5421 1272 5514">
     <span class='ocr_line' id='line_1_63' title="bbox 253 5421 1272 5514; baseline 0.018 -37"><span class='ocrx_word' id='word_1_486' title='bbox 253 5438 256 5444; x_wconf 80' lang='lat'><em>·</em></span> <span class='ocrx_word' id='word_1_487' title='bbox 318 5421 347 5496; x_wconf 72' lang='lat'><strong>¹⁸²)</strong></span> <span class='ocrx_word' id='word_1_488' title='bbox 367 5423 501 5498; x_wconf 83' lang='lat' dir='ltr'><strong>Loquitur</strong></span> <span class='ocrx_word' id='word_1_489' title='bbox 515 5423 549 5481; x_wconf 82' lang='lat' dir='ltr'><strong>cle</strong></span> <span class='ocrx_word' id='word_1_490' title='bbox 567 5421 694 5496; x_wconf 69' lang='lat' dir='ltr'><strong>(lanitiis</strong></span> <span class='ocrx_word' id='word_1_491' title='bbox 711 5424 891 5506; x_wconf 83' lang='lat' dir='ltr'><strong>Norinberg.,</strong></span> <span class='ocrx_word' id='word_1_492' title='bbox 914 5433 1063 5514; x_wconf 75' lang='lat' dir='ltr'><strong>dequibus</strong></span> <span class='ocrx_word' id='word_1_493' title='bbox 1084 5435 1138 5496; x_wconf 76' lang='lat' dir='ltr'><strong>rid.</strong></span> <span class='ocrx_word' id='word_1_494' title='bbox 1153 5435 1272 5508; x_wconf 68' lang='lat' dir='ltr'><strong>sicidae,</strong></span> 
     </span>
    </p>
   </div>
   <div class='ocr_carea' id='block_1_30' title="bbox 350 5491 584 5570">
    <p class='ocr_par' dir='ltr' id='par_1_34' title="bbox 350 5491 584 5570">
     <span class='ocr_line' id='line_1_64' title="bbox 350 5491 584 5570; baseline 0.038 -24"><span class='ocrx_word' id='word_1_495' title='bbox 350 5493 368 5550; x_wconf 92' lang='lat' dir='ltr'><strong>l.</strong></span> <span class='ocrx_word' id='word_1_496' title='bbox 383 5493 401 5552; x_wconf 90' lang='lat' dir='ltr'><strong>l.</strong></span> <span class='ocrx_word' id='word_1_497' title='bbox 420 5513 447 5570; x_wconf 80' lang='lat' dir='ltr'><strong>p.</strong></span> <span class='ocrx_word' id='word_1_498' title='bbox 458 5491 511 5550; x_wconf 81' lang='lat'><strong>419</strong></span> <span class='ocrx_word' id='word_1_499' title='bbox 524 5513 584 5570; x_wconf 78' lang='lat' dir='ltr'><strong>sqq.</strong></span> 
     </span>
    </p>
   </div>
   <div class='ocr_carea' id='block_1_31' title="bbox 2161 4947 2300 5016">
    <p class='ocr_par' dir='ltr' id='par_1_35' title="bbox 2161 4947 2300 5016">
     <span class='ocr_line' id='line_1_65' title="bbox 2161 4947 2300 5016; baseline -0.007 0"><span class='ocrx_word' id='word_1_500' title='bbox 2161 4955 2195 5016; x_wconf 82' lang='lat'><strong>6.</strong></span> <span class='ocrx_word' id='word_1_501' title='bbox 2214 4947 2300 5016; x_wconf 75' lang='lat' dir='ltr'><strong>Mur.</strong></span> 
     </span>
    </p>
   </div>
   <div class='ocr_carea' id='block_1_32' title="bbox 1393 5037 2329 5344">
    <p class='ocr_par' dir='ltr' id='par_1_36' title="bbox 1393 5037 2329 5344">
     <span class='ocr_line' id='line_1_66' title="bbox 2138 5037 2312 5070; baseline 0 -2"><span class='ocrx_word' id='word_1_502' title='bbox 2138 5037 2312 5070; x_wconf 57' lang='grc' dir='ltr'>Μ</span> 
     </span>
     <span class='ocr_line' id='line_1_67' title="bbox 1584 5095 2329 5219; baseline -0.003 -25"><span class='ocrx_word' id='word_1_503' title='bbox 1584 5107 1786 5219; x_wconf 81' lang='lat' dir='ltr'><strong>Cruciger</strong></span> <span class='ocrx_word' id='word_1_504' title='bbox 1815 5104 1878 5188; x_wconf 85' lang='lat' dir='ltr'><strong>ad</strong></span> <span class='ocrx_word' id='word_1_505' title='bbox 1897 5104 2066 5193; x_wconf 75' lang='lat' dir='ltr'><strong>Ionam</strong></span> <span class='ocrx_word' id='word_1_506' title='bbox 2325 5095 2329 5104; x_wconf 53' lang='grc'><em>’</em></span> 
     </span>
     <span class='ocr_line' id='line_1_68' title="bbox 1393 5263 2269 5344; baseline -0.002 -18"><span class='ocrx_word' id='word_1_507' title='bbox 1393 5277 1415 5342; x_wconf 89' lang='lat'>†</span> <span class='ocrx_word' id='word_1_508' title='bbox 1432 5271 1468 5326; x_wconf 72' lang='lat' dir='ltr'><strong>a·</strong></span> <span class='ocrx_word' id='word_1_509' title='bbox 1482 5269 1649 5343; x_wconf 80' lang='lat' dir='ltr'><strong>sutogmpho</strong></span> <span class='ocrx_word' id='word_1_510' title='bbox 1663 5263 1804 5338; x_wconf 63' lang='lat' dir='ltr'><strong>(laurigeri</strong></span> <span class='ocrx_word' id='word_1_511' title='bbox 1817 5265 1847 5324; x_wconf 87' lang='lat' dir='ltr'><strong>in</strong></span> <span class='ocrx_word' id='word_1_512' title='bbox 1860 5265 1925 5325; x_wconf 82' lang='lat' dir='ltr'><strong>vot</strong></span> <span class='ocrx_word' id='word_1_513' title='bbox 1938 5267 2023 5342; x_wconf 68' lang='lat' dir='ltr'><strong>Epist.</strong></span> <span class='ocrx_word' id='word_1_514' title='bbox 2034 5267 2166 5340; x_wconf 80' lang='lat' dir='ltr'><strong>Mcining.</strong></span> <span class='ocrx_word' id='word_1_515' title='bbox 2183 5288 2228 5344; x_wconf 83' lang='lat' dir='ltr'><strong>sp.</strong></span> <span class='ocrx_word' id='word_1_516' title='bbox 2241 5269 2269 5324; x_wconf 69' lang='grc'><strong>5-</strong></span> 
     </span>
    </p>
   </div>
   <div class='ocr_carea' id='block_1_33' title="bbox 1324 5417 1532 5432">
    <p class='ocr_par' dir='ltr' id='par_1_37' title="bbox 1324 5417 1532 5432">
     <span class='ocr_line' id='line_1_69' title="bbox 1324 5417 1532 5432; baseline 0 0"><span class='ocrx_word' id='word_1_517' title='bbox 1324 5417 1532 5432; x_wconf 50' lang='lat' dir='ltr'>m</span> 
     </span>
    </p>
   </div>
   <div class='ocr_carea' id='block_1_34' title="bbox 1259 5496 1809 5576">
    <p class='ocr_par' dir='ltr' id='par_1_38' title="bbox 1259 5496 1809 5576">
     <span class='ocr_line' id='line_1_70' title="bbox 1259 5496 1809 5576; baseline -0.009 -19"><span class='ocrx_word' id='word_1_518' title='bbox 1259 5511 1263 5520; x_wconf 86' lang='lat'>&#39;</span> <span class='ocrx_word' id='word_1_519' title='bbox 1360 5503 1388 5576; x_wconf 83' lang='lat'><strong>1)</strong></span> <span class='ocrx_word' id='word_1_520' title='bbox 1407 5499 1508 5575; x_wconf 75' lang='lat' dir='ltr'><strong>Spania.</strong></span> <span class='ocrx_word' id='word_1_521' title='bbox 1520 5497 1604 5555; x_wconf 77' lang='lat' dir='ltr'><strong>edidit</strong></span> <span class='ocrx_word' id='word_1_522' title='bbox 1615 5496 1809 5552; x_wconf 63' lang='lat' dir='ltr'><strong>Numerone.</strong></span> 
     </span>
    </p>
   </div>
   <div class='ocr_carea' id='block_1_35' title="bbox 2169 1249 2423 1342">
    <p class='ocr_par' dir='ltr' id='par_1_39' title="bbox 2169 1249 2423 1342">
     <span class='ocr_line' id='line_1_71' title="bbox 2169 1249 2423 1342; baseline -0.031 -1"><span class='ocrx_word' id='word_1_523' title='bbox 2169 1269 2309 1342; x_wconf 72' lang='lat' dir='ltr'><strong>suae</strong></span> <span class='ocrx_word' id='word_1_524' title='bbox 2422 1249 2423 1256; x_wconf 63' lang='lat'>‘</span> 
     </span>
    </p>
   </div>
   <div class='ocr_carea' id='block_1_36' title="bbox 1390 1609 2424 1685">
    <p class='ocr_par' dir='ltr' id='par_1_40' title="bbox 1390 1609 2424 1685">
     <span class='ocr_line' id='line_1_72' title="bbox 1390 1609 2424 1685; baseline -0.002 -17"><span class='ocrx_word' id='word_1_525' title='bbox 1390 1613 1474 1684; x_wconf 83' lang='lat' dir='ltr'><strong>Epist.</strong></span> <span class='ocrx_word' id='word_1_526' title='bbox 1488 1613 1535 1670; x_wconf 84' lang='lat' dir='ltr'><strong>lib.</strong></span> <span class='ocrx_word' id='word_1_527' title='bbox 1548 1613 1595 1669; x_wconf 85' lang='lat' dir='ltr'><strong>Vl.</strong></span> <span class='ocrx_word' id='word_1_528' title='bbox 1610 1631 1638 1684; x_wconf 86' lang='lat' dir='ltr'><strong>p.</strong></span> <span class='ocrx_word' id='word_1_529' title='bbox 1650 1613 1702 1670; x_wconf 71' lang='lat'><strong>29³</strong></span> <span class='ocrx_word' id='word_1_530' title='bbox 1712 1631 1753 1685; x_wconf 78' lang='lat' dir='ltr'><strong>sq.</strong></span> <span class='ocrx_word' id='word_1_531' title='bbox 1772 1641 1807 1658; x_wconf 92' lang='lat'><em>-</em></span> <span class='ocrx_word' id='word_1_532' title='bbox 1843 1613 1895 1670; x_wconf 85' lang='lat' dir='ltr'><strong>llic</strong></span> <span class='ocrx_word' id='word_1_533' title='bbox 1908 1633 1939 1669; x_wconf 83' lang='lat' dir='ltr'><strong>es</strong></span> <span class='ocrx_word' id='word_1_534' title='bbox 1951 1610 2119 1684; x_wconf 74' lang='lat' dir='ltr'><strong>autographo</strong></span> <span class='ocrx_word' id='word_1_535' title='bbox 2131 1609 2159 1666; x_wconf 90' lang='lat' dir='ltr'><strong>iu</strong></span> <span class='ocrx_word' id='word_1_536' title='bbox 2173 1612 2235 1668; x_wconf 83' lang='lat' dir='ltr'><strong>cod.</strong></span> <span class='ocrx_word' id='word_1_537' title='bbox 2249 1609 2321 1666; x_wconf 78' lang='lat' dir='ltr'><strong>tto·</strong></span> <span class='ocrx_word' id='word_1_538' title='bbox 2423 1609 2424 1620; x_wconf 54' lang='lat'>¹</span> 
     </span>
    </p>
   </div>
   <div class='ocr_carea' id='block_1_37' title="bbox 869 2155 2426 2272">
    <p class='ocr_par' dir='ltr' id='par_1_41' title="bbox 869 2155 2426 2272">
     <span class='ocr_line' id='line_1_73' title="bbox 869 2155 2426 2272; baseline -0.001 -24"><span class='ocrx_word' id='word_1_539' title='bbox 869 2193 1261 2272; x_wconf 52' lang='lat' dir='ltr'><strong>m</strong></span> <span class='ocrx_word' id='word_1_540' title='bbox 1324 2155 1441 2252; x_wconf 86' lang='lat' dir='ltr'><strong>SD.</strong></span> <span class='ocrx_word' id='word_1_541' title='bbox 1491 2177 1598 2268; x_wconf 89' lang='lat' dir='ltr'><strong>Quod</strong></span> <span class='ocrx_word' id='word_1_542' title='bbox 1619 2180 1774 2249; x_wconf 88' lang='lat' dir='ltr'><strong>faustum</strong></span> <span class='ocrx_word' id='word_1_543' title='bbox 1790 2190 1825 2248; x_wconf 89' lang='lat' dir='ltr'><strong>et</strong></span> <span class='ocrx_word' id='word_1_544' title='bbox 1840 2177 1924 2247; x_wconf 83' lang='lat' dir='ltr'><strong>felix</strong></span> <span class='ocrx_word' id='word_1_545' title='bbox 1940 2179 2003 2263; x_wconf 86' lang='lat' dir='ltr'><strong>sit,</strong></span> <span class='ocrx_word' id='word_1_546' title='bbox 2033 2177 2197 2248; x_wconf 85' lang='lat' dir='ltr'><strong>venimus</strong></span> <span class='ocrx_word' id='word_1_547' title='bbox 2210 2172 2324 2247; x_wconf 87' lang='lat' dir='ltr'><strong>Bon·</strong></span> <span class='ocrx_word' id='word_1_548' title='bbox 2425 2221 2426 2262; x_wconf 45' lang='lat' dir='ltr'><strong>p</strong></span> 
     </span>
    </p>
   </div>
   <div class='ocr_carea' id='block_1_38' title="bbox 190 2479 2427 2702">
    <p class='ocr_par' dir='ltr' id='par_1_42' title="bbox 190 2479 2427 2702">
     <span class='ocr_line' id='line_1_74' title="bbox 1608 2479 2427 2578; baseline -0.002 -24"><span class='ocrx_word' id='word_1_549' title='bbox 1608 2479 1886 2554; x_wconf 79' lang='lat' dir='ltr'><strong>Reformationis</strong></span> <span class='ocrx_word' id='word_1_550' title='bbox 1908 2479 2190 2569; x_wconf 72' lang='lat' dir='ltr'><strong>Ecclesiasticus,</strong></span> <span class='ocrx_word' id='word_1_551' title='bbox 2228 2509 2324 2578; x_wconf 82' lang='lat' dir='ltr'><strong>qua-</strong></span> <span class='ocrx_word' id='word_1_552' title='bbox 2426 2515 2427 2570; x_wconf 50' lang='lat' dir='ltr'><strong>g</strong></span> 
     </span>
     <span class='ocr_line' id='line_1_75' title="bbox 190 2577 2427 2702; baseline -0.005 -37"><span class='ocrx_word' id='word_1_553' title='bbox 190 2657 198 2674; x_wconf 76' lang='grc'>,</span> <span class='ocrx_word' id='word_1_554' title='bbox 278 2593 438 2677; x_wconf 59' lang='lat' dir='ltr'><strong>Clariae,</strong></span> <span class='ocrx_word' id='word_1_555' title='bbox 465 2587 964 2702; x_wconf 62' lang='lat' dir='ltr'><strong>010p1,v;r010001,‘;m⁰</strong></span> <span class='ocrx_word' id='word_1_556' title='bbox 994 2607 1273 2687; x_wconf 53' lang='lat' dir='ltr'><strong>Campam</strong></span> <span class='ocrx_word' id='word_1_557' title='bbox 1325 2607 1404 2654; x_wconf 92' lang='lat' dir='ltr'><strong>rum</strong></span> <span class='ocrx_word' id='word_1_558' title='bbox 1428 2585 1535 2654; x_wconf 88' lang='lat' dir='ltr'><strong>altera</strong></span> <span class='ocrx_word' id='word_1_559' title='bbox 1556 2584 1716 2673; x_wconf 89' lang='lat' dir='ltr'><strong>eligenda</strong></span> <span class='ocrx_word' id='word_1_560' title='bbox 1739 2584 1802 2664; x_wconf 90' lang='lat' dir='ltr'><strong>sit,</strong></span> <span class='ocrx_word' id='word_1_561' title='bbox 1828 2579 2049 2656; x_wconf 87' lang='lat' dir='ltr'><strong>alteraaD.</strong></span> <span class='ocrx_word' id='word_1_562' title='bbox 2064 2577 2208 2654; x_wconf 82' lang='lat' dir='ltr'><strong>Bucero</strong></span> <span class='ocrx_word' id='word_1_563' title='bbox 2230 2586 2324 2654; x_wconf 88' lang='lat' dir='ltr'><strong>sim-</strong></span> <span class='ocrx_word' id='word_1_564' title='bbox 2426 2581 2427 2592; x_wconf 72' lang='grc'>’</span> 
     </span>
    </p>
   </div>
   <div class='ocr_carea' id='block_1_39' title="bbox 0 0 2462 6244">
    <p class='ocr_par' dir='ltr' id='par_1_43' title="bbox 0 0 2462 6244">
     <span class='ocr_line' id='line_1_76' title="bbox 0 0 2462 6244; baseline 0 0"><span class='ocrx_word' id='word_1_565' title='bbox 0 0 2462 6244; x_wconf 95' lang='lat' dir='ltr'><strong> </strong></span> 
     </span>
    </p>
   </div>
  </div>
 </body>
</html>
