4842 6256
96 299 173 426 roc
669 337 1108 422 urrsrostttou
1159 335 1273 414 ms.
1306 337 1373 418 ur.
1424 335 1600 468 ross·
1765 303 1771 312 ’
2064 337 2135 425 cst

86 520 193 607 Deus
221 541 387 600 aeternus
418 536 519 618 pater
547 518 686 594 domini
708 517 821 590 nostri
844 517 924 589 lesu
944 509 1090 600 Christi,
1133 511 2131 640 Q.12.oet.

1990 613 2128 640 *em

92 633 157 725 qui
174 627 326 714 iuravit,
353 652 389 698 se
404 627 503 697 nolle
520 639 671 696 mortem
687 633 863 703 nostram,
888 615 1091 689 consoletur¹
1500 625 1509 698 ζ
1616 655 1619 666 .

91 745 127 804 te
151 731 283 824 spiritu
305 744 425 801 sancto
448 752 525 800 suo.
592 724 706 796 Pilius
728 716 884 794 Samuel
904 719 972 789 erit
999 712 1089 786 mihi
1447 673 1551 762 Veto
1583 674 1816 762 Tllffldoro·

92 835 374 904 commendatus.
443 815 629 906 Accessum
653 851 733 898 eum
759 825 804 893 ad
825 846 883 890 me
906 819 1089 914 quampri·
1203 807 1533 928 Editatnappeodteeat
1548 855 1736 931 ‘pinum
1772 861 1879 933 ΑΜ.
1898 889 1932 904 -
1968 817 2130 920 mm·

92 959 204 1008 mum.
257 932 356 1006 Bene
371 932 465 1018 vale,
489 930 548 1000 die
568 933 625 1003 11.
643 924 815 1000 Octobris
833 919 945 996 1543.
1239 925 1372 1000 tognpto
1386 927 1413 980 tn
1427 927 1490 982 eod.
1503 928 1615 984 ttonac.
1629 927 1651 984 t.
1668 948 1696 1002 p.
1710 879 1773 984 osi.

531 1193 1089 1216 ...Α-ΗΜ

1299 1181 1483 1280 Evangel.
1511 1181 1551 1253 in
1576 1181 1748 1256 Ecclesia
1769 1181 1967 1284 Noriberg.

1138 1298 1182 1388 S.
1207 1314 1252 1386 D.
1303 1315 1418 1386 Video
1435 1317 1599 1410 equidem
1614 1318 1808 1408 sapientes,
1834 1322 1937 1414 qnasi
1950 1325 2129 1412 attonitos,

99 1395 296 1524 Q·
950 1387 1093 1506 Q
1139 1442 1235 1488 nunc
1256 1418 1399 1488 demum
1421 1419 1543 1488 mirari
1567 1420 1847 1509 magnitudinem
1871 1447 2007 1509 rernm,
2040 1451 2131 1520 quae

501 1575 670 1660 a...
1140 1518 1820 1712 attestatas..aaa
1833 1537 2130 1701 ιιιιιιιι

166 1774 344 1843 anessae
363 1772 458 1826 navers
481 1769 544 1828 vot.
562 1769 594 1826 ιι.
612 1767 714 1838 ..stc
733 1787 749 1824 ι
770 1763 973 1822 uenerantes
991 1765 1021 1820 o
1042 1763 1095 1818 aen
1140 1724 1316 1806 ravimus,
1358 1737 1392 1792 et
1421 1720 1634 1807 Ecclesiam,
1675 1723 1766 1802 πῖθ’
1807 1748 2010 1798 mansuram
2045 1757 2131 1818 esse,

204 1841 309 1900 Uarro.
330 1841 429 1898 Naetr.
448 1840 524 1895 17³9.
542 1861 569 1911 p.
583 1838 659 1910 tos,
682 1846 709 1890 et
732 1855 821 1906 nuper
838 1833 977 1890 anantio
995 1851 1037 1906 ep.
1050 1833 1095 1886 tt·
1141 1825 1277 1895 etiamsi
1293 1825 1494 1896 concutitur
1507 1821 1740 1914 imperiorum
1756 1825 1889 1912 ruinis,
1914 1831 2033 1902 animo
2051 1858 2128 1904 sum

206 1905 874 1984 edita,nuucueodemcod.denuodestripts.
1141 1925 1407 2020 prapquilliore,
1441 1951 1547 2018 quam
1569 1927 1641 2010 iili,
1673 1927 1734 2020 qui
1759 1950 1825 1994 nos
1845 1929 2017 2017 riserunt,
2043 1931 2130 2006 haec

376 2037 496 2154 Νιὶω
504 2076 583 2151 1⁰⁰
608 2073 682 2150 Mc
691 2071 822 2147 alm
984 2047 989 2061 ·
1141 2027 1383 2097 vaticinantes,
1432 2024 1566 2096 Desino
1583 2027 1690 2116 igitur
1704 2028 1833 2096 deillis
1848 2032 2010 2108 scribere.
2045 2033 2131 2107 Pre-
2217 2036 2224 2045 '

1080 2167 1083 2175 ν
1142 2129 1242 2198 cibus
1262 2129 1379 2218 potius
1399 2124 1475 2197 Deo
1493 2126 1639 2198 Politias
1662 2133 1964 2214 commendemus,
2001 2151 2035 2206 et
2057 2153 2131 2208 stu-

96 2213 147 2304 S·
163 2232 211 2310 D.
252 2225 412 2304 Exhibni
428 2233 570 2301 tandem
586 2231 705 2300 literas
722 2243 799 2300 tuas
815 2227 888 2296 filio
905 2239 980 2307 tuo,
1001 2223 1097 2316 qnod
1142 2230 1201 2299 dia
1215 2242 1335 2297 nostra
1353 2229 1519 2312 colamus,
1539 2251 1584 2296 ne
1599 2231 1658 2298 lux
1672 2231 1854 2300 doctrinae
1871 2236 2106 2325 extinguatur.

98 2337 311 2408 rumoribus
333 2356 390 2404 res
411 2333 728 2424 percrebrescebat.
777 2327 857 2406 Etsi
876 2341 995 2398 autem
1017 2338 1098 2396 tan-
1243 2324 1431 2399 Boeotico
1445 2323 1586 2414 Bauio,
1612 2353 1673 2401 seu
1690 2326 1895 2419 Thersitae,
1926 2340 1989 2429 qui
2005 2343 2131 2412 adver·

101 2455 182 2512 tum
205 2439 337 2507 vulnus
358 2435 460 2505 initio
482 2435 618 2504 nullam
640 2429 851 2503 medicinam
867 2430 1018 2521 patitur,
1043 2439 1097 2496 ta-
1119 2419 1201 2540 isos
1217 2447 1252 2503 te
1269 2429 1513 2522 spurcissimos
1527 2453 1649 2502 versus
1663 2433 1792 2516 edidit,
1818 2436 1972 2524 graviter
1984 2463 2133 2531 respon-

102 2563 189 2610 men
213 2553 249 2610 et
270 2538 337 2609 tibi
357 2549 391 2607 et
413 2535 467 2604 illi
490 2531 591 2624 hoc¹)
610 2533 860 2604 inculcandum
877 2553 1020 2611 censeo,
1045 2539 1097 2606 ut,
1143 2534 1241 2617 deri,
1276 2533 1397 2605 curavi
1409 2525 1458 2628 *).
1515 2525 1606 2602 Nam
1632 2527 1698 2602 hoc
1720 2535 1812 2604 tristi
1836 2549 1992 2628 tempore
2015 2545 2150 2632 potius'

104 2658 281 2736 quantum
297 2637 460 2732 potestis,
484 2637 599 2706 dolori
616 2633 829 2726 repugnetis.
865 2629 999 2702 Causae
1013 2652 1098 2718 pro-
1143 2637 1300 2704 dicamns
1314 2632 1481 2730 εὔφημα,
1509 2657 1615 2726 quam
1633 2637 1804 2720 convicia,
1827 2651 1868 2706 ut
1881 2637 2042 2711 Socrates
2056 2671 2133 2716 mo-

106 2743 243 2836 positae
264 2741 303 2809 in
325 2738 456 2810 divinis
478 2737 958 2828 scriptisrobisnotaesunt.
1011 2729 1099 2798 Vult
1144 2736 1428 2828 citurusinquit,
1459 2731 1522 2806 καὶ
1542 2729 1796 2834 papiriano,
1824 2734 1880 2809 ὅτι
1904 2737 1944 2812 ἐν
1967 2740 2132 2841 εὐφημίᾳ

109 2869 175 2915 nos
196 2840 295 2912 Deus
317 2853 519 2911 nostrorum
543 2836 718 2908 desiderio
742 2835 863 2920 adfici,
894 2837 953 2904 sed
979 2843 1099 2924 tamen
1140 2833 1412 2932 χρὴηλευῑᾶγ,
1464 2833 1614 2906 Etiamsi
1633 2839 1828 2910 cadendum
1851 2856 1902 2909 est
1925 2846 2047 2931 nohis,
2079 2863 2134 2918 ιδ,

113 2947 178 3030 in,
208 2958 251 3016 ut
284 2943 520 3034 praeferamus
552 2940 661 3032 ipsius
692 2937 892 3029 imperium.
949 2931 990 3005 Si
1025 2932 1100 3023 ipse
1145 2964 1227 3010 men
1242 2938 1441 3010 testimonia
1457 2940 1717 3030 relinquamus,
1751 2943 1845 3036 quod
1865 2937 2011 3018 honeste
2027 2964 2061 3018 et
2077 2951 2135 3042 pie

110 3060 231 3118 evocat
248 3059 400 3127 nostros,
424 3044 588 3112 cedamus
606 3041 638 3109 ei
655 3040 698 3109 de
715 3037 932 3130 possessione
948 3034 1003 3104 sui
1019 3057 1099 3102 ¹¹¹⁰-
1145 3042 1376 3125 senserimus,
1409 3063 1448 3109 ac
1463 3041 1619 3110 laudatio
1634 3053 1717 3110 tuae
1733 3044 1912 3114 doctrinae
1931 3051 2135 3142 suppeditat

109 3148 218 3220 neris.
277 3145 359 3217 Non
391 3147 582 3212 iremamus
609 3143 777 3210 adversus
808 3163 901 3211 eum.
960 3132 1100 3204 Deinde
1144 3169 1210 3236 per
1231 3167 1304 3211 sese
1327 3142 1422 3211 locos
1444 3141 1668 3232 splendidos,
1693 3155 1726 3212 et
1744 3143 1868 3214 lectori
1884 3160 2010 3235 gratos.
2061 3151 2134 3224 Nec
2211 3161 2215 3168 '

109 3276 186 3322 non
202 3249 291 3318 levis
304 3262 354 3318 est
368 3241 454 3316 haec
470 3243 680 3314 consolatio:
707 3241 918 3334 quantulum
934 3237 974 3306 in
988 3249 1101 3305 morte
1146 3268 1210 3334 ego
1232 3244 1330 3332 vulgi
1354 3243 1524 3312 iudicium
1546 3267 1677 3311 moror.
1729 3241 1779 3314 Ut
1798 3244 2135 3322 illedesermsace.

107 3352 200 3424 mali
217 3363 268 3420 est
293 3372 376 3440 prae
398 3346 470 3414 illis
492 3343 686 3426 aerumnis,
719 3365 806 3435 quas
833 3342 901 3408 iarn
925 3334 1015 3429 tot²)
1035 3332 1102 3410 bo-
1147 3345 1247 3429 teris,
1287 3337 1521 3412 Antimachus
1553 3355 1656 3434 puto,
1692 3369 1771 3413 cum
1803 3343 1986 3417 Platonem
2021 3377 2137 3424 unum

108 3453 206 3524 nesti
236 3446 398 3522 homines
426 3448 601 3516 sustinent
625 3447 664 3514 in
687 3442 884 3514 Pannoniis
905 3454 940 3510 et
963 3436 1102 3520 Galliis,
1146 3445 1314 3516 mansisse
1336 3444 1492 3527 videret,
1526 3456 1561 3513 et
1583 3458 1762 3534 expectare
1787 3447 1964 3541 reliquum
1983 3453 2138 3524 volumi.

109 3555 176 3650 qui
192 3553 314 3621 vident
330 3551 481 3634 liberos,
506 3548 688 3636 coniuges,
719 3558 881 3636 parentes
902 3539 1103 3610 immaniter
1148 3549 1222 3630 nis,
1248 3547 1315 3624 ait,
1347 3567 1384 3614 se
1398 3543 1558 3615 Platonis
1575 3544 1682 3616 unius
1699 3545 1871 3618 iudicium
1889 3548 1999 3640 pluris
2014 3555 2140 3642 fame,

110 3653 284 3740 lacerari,
308 3651 507 3746 etquidem
529 3649 632 3719 aliter
655 3648 848 3730 sustinent,
877 3644 954 3713 sine
978 3663 1103 3711 conso·
1148 3639 1253 3744 quam
1271 3659 1467 3717 ceterorum
1483 3647 1644 3718 omnium
1660 3647 1836 3736 suffragia.
1889 3649 1948 3722 Sic
1967 3649 2058 3724 mihi
2082 3681 2139 3728 sa-

111 3759 250 3832 latione
268 3768 301 3825 et
317 3754 393 3824 sine
408 3753 486 3821 luce
501 3749 683 3840 evangelii.
734 3745 769 3816 O
784 3746 972 3827 miseriam,
997 3765 1103 3836 qnam
1149 3752 1195 3822 eis
1217 3762 1284 3834 est,
1316 3745 1695 3842 placereHicronymo
1716 3762 1836 3820 nostro
1859 3766 1893 3822 et
1907 3741 2140 3844 Gomoario,

112 3857 236 3930 verbis
264 3855 384 3948 eloqui
412 3852 511 3922 nulla
544 3863 702 3922 creatura
732 3847 862 3940 potest!
924 3843 1000 3916 Nos
1019 3867 1102 3912 vero
1150 3867 1185 3924 et
1215 3851 1333 3942 paucis
1364 3850 1504 3934 amieis,
1548 3875 1638 3944 quae
1671 3865 1851 3943 utcunque
1884 3859 2140 3947 componimus.

114 3961 248 4053 gratias
272 3955 349 4029 Deo
383 3975 545 4045 agamus,
579 3951 642 4045 qui
674 3951 829 4020 ostendit
860 3948 965 4017 nobie
990 3944 1105 4016 filium
1149 3954 1404 4026 Praedicautur
1421 3953 1458 4019 in
1473 3948 1639 4022 Carmine
1656 3953 1707 4022 tui
1721 3976 1853 4040 mores,
1883 3957 2051 4030 recitatur
2072 3964 2140 4032 do-

114 4085 222 4136 suum
237 4072 271 4131 et
286 4056 452 4128 beneficia
469 4055 545 4124 filii·
594 4045 996 4124 Retineoedhuetuum
1019 4069 1107 4138 81ὶᾶ-
1152 4055 1265 4126 ctrina
1279 4055 1323 4122 de
1341 4047 1496 4122 hominis
1510 4051 1734 4137 conditione,
1766 4055 1802 4122 in
1820 4080 1886 4147 qua
1904 4059 2008 4128 nobis
2023 4062 2139 4154 imago

115 4179 215 4248 tum,
240 4162 306 4232 etsi
320 4183 402 4229 mox
417 4158 463 4228 ad
478 4168 512 4225 te
528 4156 715 4226 adcurrere
732 4153 904 4243 cupiebat.
953 4145 1105 4218 Promisi
1150 4155 1219 4228 Dei
1234 4156 1401 4246 impressa
1419 4165 1486 4237 est,
1520 4152 1694 4243 delapsu,
1720 4157 1765 4224 de
1782 4155 1873 4245 lege,
1900 4159 1944 4227 de
1960 4159 2139 4234 beneficis,

116 4279 236 4338 aulem
257 4263 308 4346 ei,
341 4284 398 4330 ¹¹¹0
423 4281 689 4340 ⁶⁰ss⁶0⁸⁵¹¹fflm2
720 4267 761 4324 Ui
776 4254 820 4323 dd
836 4265 868 4322 ¹⁸
883 4263 963 4342 1³⁰⁵t
978 4271 1106 4341 P³¹¹⁰⁰³
1152 4253 1298 4330 Christi.
1347 4253 1444 4324 Haec
1462 4267 1544 4324 sunt
1567 4246 1820 4348 εὖφημότερα,
1845 4283 1954 4352 quam
1969 4263 2139 4339 convicia.

116 4369 195 4440 dios
218 4363 470 4458 proficiscatur.
534 4356 654 4448 Quare
678 4350 859 4446 perbene
882 4351 1106 4423 tabellarium
1152 4358 1337 4429 Laudatur
1362 4368 1397 4425 et
1418 4355 1538 4424 civitas
1563 4368 1689 4429 vestra.
1755 4357 1796 4429 Si
1842 4359 1903 4429 nid
1923 4355 2140 4435 Ioachr'mus

117 4469 228 4538 velim
252 4479 285 4536 te
306 4459 396 4534 mihi
417 4462 570 4532 scribere
583 4473 618 4529 et
634 4458 747 4528 filium
761 4477 948 4527 accersere.
998 4447 1107 4533 Deus,
1153 4473 1268 4530 vester
1289 4454 1486 4546 componit,
1518 4453 1607 4526 mihi
1631 4457 1760 4530 mittas.
1811 4383 2140 4536 Pomerariustius

117 4584 221 4663 pater
240 4582 402 4637 aeternus
422 4563 560 4634 domini
575 4561 689 4631 nostri
707 4557 784 4628 iesu
802 4553 955 4637 Christi,
982 4575 1108 4624 ⁶0n80·
1154 4585 1280 4631 venam
1300 4559 1447 4651 probat,
1479 4581 1519 4626 ac
1541 4559 1643 4628 valde
1668 4583 1706 4629 ea
1721 4555 1843 4649 Elegia
1865 4563 2055 4635 delectatus
2078 4580 2140 4650 est,

117 4675 215 4744 letus
239 4683 272 4739 te
295 4667 422 4760 spiritu
445 4679 565 4735 sancto
588 4686 671 4748 suo,
706 4659 768 4755 qui
793 4675 845 4732 est
866 4647 1107 4750 παράκλητος.
1155 4685 1259 4754 quam
1277 4663 1320 4731 ad
1336 4683 1392 4728 mc
1407 4683 1525 4728 recens
1542 4661 1693 4752 scripsit.
1743 4659 1884 4749 Lipsiae
1899 4663 1994 4730 enim
2011 4668 2138 4762 accepi.

115 4771 186 4848 Die
206 4771 263 4846 12·
277 4765 448 4842 0⁶i⁰bfi³
467 4762 576 4840 ¹543·
1154 4762 1252 4836 Bene
1269 4763 1357 4836 vale.
1407 4757 1475 4831 Die
1492 4761 1548 4834 12.
1564 4757 1744 4833 Octobris.
1757 4753 1818 4854 ”)

868 4909 870 4913 ⁸
1655 4887 1846 4988 Philippus
1866 4891 2092 4980 Melanthos.

109 5009 343 5030 W

1155 5061 1361 5078 ψ

154 5171 183 5238 ¹)
200 5171 255 5224 Μ’
268 5159 365 5220 “diii
377 5183 393 5219 ⁶
407 5171 479 5220 ω
491 5159 580 5218 Dm‘
1189 5201 1220 5270 *)
1241 5199 1295 5256 Per
1316 5201 1482 5274 quemnam?
1507 5199 1608 5258 rucio.
1643 5199 1789 5256 Caeterum
1809 5199 1862 5254 vid.
1884 5199 1917 5256 ds
1936 5200 2029 5255 sedeur
2047 5221 2078 5258 re
2096 5223 2139 5278 ep.

151 5275 183 5340 2)
203 5280 246 5326 tot
259 5267 355 5324 ercidit
367 5267 439 5340 epod
451 5265 540 5322 Dour.
904 5349 922 5374 ο
1222 5271 1256 5326 sd
1269 5269 1373 5326 Tlreod.
1389 5268 1460 5325 iufra
1474 5268 1501 5322 d.
1515 5269 1558 5324 25.
1573 5268 1638 5324 Oct.
1651 5269 1678 5323 ir.
1689 5287 1714 5324 ι.

1188 5353 1237 5426 **)
1255 5354 1317 5410 Non
1333 5371 1407 5410 suno
1419 5355 1509 5430 Μ,
1526 5365 1556 5410 ut
1566 5353 1800 5423 &oberravimus
1815 5363 1871 5424 est,
1888 5353 1933 5408 sed
1946 5353 2020 5412 tsts.
2031 5355 2139 5432 scripte.

1300 5557 1382 5635 ts·

1142 1083 1237 1158 Viro
1270 1082 1424 1184 optimo,
1461 1077 1516 1152 D.
1548 1075 1946 1170 VitoTheodoro,
1989 1085 2132 1162 docenti
2219 1192 2224 1204 .
2301 1140 2304 1148 ·
