4724 6250
34 329 100 412 idi
595 323 1028 414 setsrobaumu
1079 321 1191 402 ΜΒ.
1217 322 1282 401 lx.
1335 324 1466 407 1645.
1986 331 2063 414 lbi

29 501 268 594 emanante,
301 497 563 580 houedoloeo:
598 489 694 580 Dedi
707 511 828 576 autem
843 500 875 578 ci
890 497 1013 577 eonsi-
1062 509 1145 589 post
1167 497 1275 575 breve
1296 513 1437 594 tempus
1458 501 1649 578 avocavit.
1697 500 1820 594 Quare
1844 519 1905 582 eut
1921 506 2061 578 differri

30 607 113 678 lium
128 604 298 678 metuenti
313 604 504 678 oculorum
514 604 726 694 caliginem,
753 616 795 676 ut
816 605 860 676 ad
879 613 1015 676 vestros
1062 599 1166 672 initia
1187 602 1317 696 synodi
1338 605 1421 691 diu,
1445 618 1508 676 aut
1528 605 1667 682 nullam
1686 607 1792 700 plane
1806 607 1966 690 futuram
1987 633 2061 682 esse

30 707 178 784 Medicus
207 719 241 783 et
261 702 507 806 xetpovpyodc
533 705 793 798 proficiscatur,
834 719 1016 778 eteorum
1063 702 1296 779 arbitrantur.
1355 703 1434 778 Hoc
1455 703 1546 778 mihi
1566 709 1803 800 significatum
1817 725 1870 786 est
1889 735 1931 784 ex
1951 710 2061 784 Nori-

30 825 142 884 utatur
156 811 317 886 consilio.
370 807 557 885 Modestus
573 805 681 887 homo
698 825 749 882 est
767 808 1016 899 interiguotos
1063 807 1169 896 berga
1194 809 1239 877 ab
1262 805 1481 880 Hominibus
1503 811 1720 902 dignissimis
1743 813 1823 885 fide.
1883 811 2005 902 Quare
2027 827 2062 890 et
2184 879 2189 900 ,

30 914 199 998 timidior,
224 937 334 1008 quare
358 925 393 983 te
415 937 498 998 oro,
524 925 565 984 ut
581 937 664 984 eum
680 909 845 996 Medico,
867 907 1016 982 Doctori
1062 905 1108 982 D.
1133 903 1292 980 Urbano
1321 912 1547 1002 significabis.
1604 911 1787 989 Confessio
1818 927 1852 988 et
1883 911 2061 1008 Apologia
2096 918 2099 926 '

27 1007 276 1112 Mogeduchio
293 1018 535 1100 commendes,
562 1027 624 1092 aut
647 1014 753 1088 etiam
772 1013 879 1098 alicui
893 1013 1016 1086 oculo-
1063 1013 1297 1100 recudentur,
1331 1017 1391 1086 sed
1416 1041 1473 1084 me
1497 1039 1573 1086 non
1593 1017 1710 1087 solum
1726 1017 1972 1110 occupationes
1992 1021 2060 1088 im-

28 1145 107 1194 rum
121 1117 272 1194 Medico.
323 1115 443 1192 Habet
466 1118 602 1211 aliquid
626 1116 767 1204 viatici,
799 1118 860 1190 sed
884 1117 1015 1190 curabo
1065 1114 1235 1205 pediunt,
1259 1140 1330 1210 quo
1351 1118 1471 1188 miuus
1495 1143 1584 1212 opus
1609 1119 1724 1190 multo
1743 1132 1824 1190 ante
1840 1123 2060 1212 processerit,

27 1223 118 1296 mitti
130 1222 281 1312 amplius
295 1222 326 1290 si
340 1221 476 1292 diutius
497 1222 592 1312 apud
609 1244 671 1291 vos
688 1221 765 1294 erit.
1064 1217 1247 1293 sedetiam
1264 1233 1439 1290 certorum
1458 1215 1758 1316 sycophantarum
1774 1223 1981 1309 calumniae,
1997 1225 2061 1319 qui

127 1323 268 1396 Institui
290 1319 350 1394 hic
373 1323 412 1394 in
438 1337 593 1396 mercatu
614 1325 749 1418 sylvam
772 1335 852 1394 tuae
868 1345 1016 1413 respon·
1063 1343 1182 1388 meum
1197 1320 1371 1393 iudicium
1393 1323 1431 1392 in
1450 1325 1662 1418 quibusdam
1686 1325 1843 1394 materiis
1866 1322 2061 1417 reprehen-

25 1428 143 1502 sionis.
199 1424 273 1500 Res
293 1426 398 1498 utiles
426 1440 462 1498 et
483 1427 560 1518 pias
590 1421 803 1518 admixtis¹)
832 1424 1015 1499 affectibus
1064 1424 1166 1495 dunt.
1214 1419 1325 1494 Dicor
1348 1425 1498 1496 nimium
1526 1427 1671 1497 laudare
1695 1427 1789 1497 bona
1808 1450 1927 1517 opera.
1979 1425 2061 1500 Uti-

24 1531 159 1602 idoueis
175 1544 324 1601 tractare
337 1530 454 1622 cupio.
488 1527 664 1600 Nolouos
679 1541 813 1604 certare
829 1525 1016 1598 calumniis
1064 1545 1147 1592 nam
1162 1525 1246 1594 satis
1262 1526 1462 1598 laudaiem!
1515 1528 1585 1600 Sed
1607 1531 1650 1598 de
1668 1523 1733 1599 hac
1749 1529 1956 1600 rescribam
1974 1530 2088 1600 alias'

23 1650 64 1708 et
85 1632 247 1706 conviciis
274 1657 355 1702 cum
375 1630 692 1724 impudentissimis
706 1621 745 1726 ²)
768 1625 1017 1724 Sycophantis.
1064 1627 1108 1694 ad
1124 1637 1169 1698 te.
1227 1626 1309 1698 Nou
1335 1631 1438 1716 satis,
1464 1655 1530 1702 uos
1553 1631 1673 1702 vexari
1694 1634 1739 1703 ab
1766 1625 1930 1703 hostibus
1952 1633 2060 1722 foris3

23 1736 113 1808 Heri
132 1737 198 1826 legi
229 1737 409 1806 decretum
431 1729 644 1806 Academiae
664 1725 917 1804 Lemniensis
939 1732 1017 1824 ple-
1064 1727 1163 1796 domi
1178 1730 1283 1798 etiam
1302 1725 1474 1802 habemus
1490 1733 1655 1804 intestina
1673 1733 1837 1820 dissidia,
1858 1747 1892 1805 et
1909 1733 2060 1804 disside-

23 1863 113 1909 num
132 1839 340 1930 impietatis,
365 1838 461 1930 quod
485 1850 521 1908 et
540 1837 726 1907 autoritate
746 1823 883 1906 Caroli
901 1833 1017 1926 lmpe-
1064 1853 1144 1900 muas
1166 1855 1242 1901 non
1263 1832 1433 1922 civiliter,
1459 1838 1519 1905 sed
1546 1837 1692 1906 mirifica
1718 1837 1908 1908 acerbitate
1921 1837 2061 1908 animo·
2124 1871 2126 1876 ·

23 1941 149 2012 catoris
165 1941 343 2010 munitum
357 1932 467 2032 θεῖ’).
515 1935 669 2023 Crescit,
694 1953 736 2010 ut
750 1939 870 2024 vides,
894 1936 1018 2008 multi·
1065 1956 1157 2008 rum.
1209 1929 1286 2024 Ego
1303 1949 1440 2023 tamen,
1466 1933 1543 2008 Deo
1559 1941 1684 2025 dante,
1710 1963 1825 2009 meam
1843 1940 2061 2010 moderatio-

24 2045 106 2138 plex
129 2044 260 2127 rabies3
297 2039 380 2114 ldeo
404 2041 514 2114 simus
535 2041 710 2112 cautiores
725 2054 759 2110 et
774 2041 1018 2119 modestiores.
1064 2059 1145 2107 nem
1168 2038 1347 2108 mordicus
1371 2041 1516 2127 tenebo,
1549 2065 1614 2111 nec
1634 2043 1768 2127 sinam,
1795 2065 1870 2111 eam
1891 2035 1981 2110 mihi
2002 2066 2062 2112 ex·

23 2145 139 2218 Deum
152 2167 304 2230 oremus,
329 2157 369 2214 ut
384 2167 449 2214 nos
465 2143 648 2234 gubernet.
701 2139 905 2215 Benevole.
940 2138 1017 2215 Cal.
1065 2137 1147 2208 cuti.
1197 2135 1246 2212 Et
1268 2142 1311 2209 ad
1338 2141 1467 2211 iudicia
1486 2143 1664 2214 bonorum
1683 2168 1723 2214 ac
1736 2146 1953 2238 prudentum
1977 2169 2063 2237 pro-

26 2247 127 2322 Maii.
175 2239 397 2348 Lipsiae”).
1064 2263 1172 2330 voco,
1204 2243 1336 2334 quoin
1358 2269 1506 2313 munere
1528 2259 1563 2316 et
1586 2257 1621 2319 te
1645 2270 1758 2337 pono,
1785 2260 1820 2315 et
1844 2245 1882 2314 in
1906 2249 2061 2338 quodam

534 2377 724 2474 Philippus
741 2375 966 2452 Melanthum
1065 2341 1213 2433 scripto,
1231 2344 1295 2413 ubi
1310 2346 1494 2415 nominavi
1507 2346 1661 2432 iudices,
1675 2349 1778 2439 posui
1792 2345 1837 2420 D.
1850 2343 1889 2418 U
1892 2345 2062 2418 rhenum.

1066 2441 1324 2542 Siquidem,
1351 2447 1505 2518 libenter
1518 2449 1657 2518 moneri
1677 2475 1733 2518 me
1754 2450 1895 2520 abonis
1917 2464 1952 2520 et
1974 2474 2062 2543 pru·

1066 2546 1234 2616 dentibus
1250 2549 1375 2642 patiar.
1425 2549 1493 2622 Sed
1514 2577 1585 2646 quo
1603 2553 1776 2622 delabor?
1827 2552 1886 2622 Sic
1902 2566 1968 2636 est;
1996 2553 2060 2624 ubi

1066 2650 1179 2734 dolet,
1205 2651 1256 2720 ibi
1278 2677 1425 2722 manum
1442 2648 1566 2728 habeo.
1619 2647 1832 2723 Methodum
1850 2653 2061 2736 instituendi

16 2782 90 2856 No·
106 2779 218 2858 3135·
871 2777 1004 2850 2,1p1,1g
1066 2751 1175 2822 studii
1197 2749 1388 2846 theologici
1411 2758 1540 2826 rectius
1556 2781 1575 2828 a
1594 2752 1750 2825 Domino
1766 2751 1925 2828 Urbano
1942 2781 2059 2826 coram

22 2879 199 2912 Μ
842 2869 1014 2904 *²⁹
1067 2853 1190 2930 disces.
1249 2855 1376 2931 Meum
1404 2859 1596 2938 iudicium,
1630 2860 1693 2952 qui
1714 2860 1803 2940 loci,
1835 2883 1909 2954 quo
1934 2860 2060 2936 ordine

350 2983 401 3072 G.
437 2981 702 3069 Scaraban.
1066 2958 1324 3042 distribuendi,
1357 2985 1426 3055 qua
1453 2961 1492 3029 in
1515 2959 1722 3052 explicando
1744 2963 1929 3053 diligentia
1956 2975 2061 3032 viton-

1065 3062 1150 3130 dum
1174 3063 1237 3148 sit,
1263 3064 1408 3154 exposui
1432 3064 1469 3132 in
1491 3064 1614 3134 libello
1629 3065 1789 3135 locorum
1806 3065 2063 3140 communium.

1068 3161 1123 3231 Ad
1147 3159 1212 3232 hos
1238 3166 1333 3234 locos
1355 3167 1471 3255 cogito
1489 3167 1672 3236 referenda
1688 3191 1778 3252 esse,
1804 3191 1894 3260 quae
1912 3167 2061 3256 legimus

1066 3266 1102 3334 in
1119 3266 1226 3334 sacris
1240 3267 1363 3341 literis.
1415 3266 1513 3338 Bene
1529 3269 1624 3354 vale,
1651 3284 1685 3340 et
1706 3294 1763 3338 me
1781 3293 1871 3342 ama.
1924 3265 2061 3339 Postri-

8 3375 68 3454 V
62 3371 246 3449 enerabili
282 3371 360 3444 viro
401 3381 432 3443 et
464 3371 611 3468 egregia
645 3365 814 3442 doctrina
846 3361 1017 3466 praedito
1065 3368 1122 3438 die
1138 3365 1284 3438 Calend.
1300 3368 1402 3438 Maii.

6 3480 73 3556 D.
98 3473 304 3571 Georgio
339 3471 627 3561 Scarabaeo,
663 3469 806 3544 docenti
838 3469 1016 3564 Evange-

53 3581 152 3654 lium
181 3579 220 3650 in
248 3574 397 3649 ecclesio
424 3571 736 3674 Hannovaranu,
756 3573 876 3646 amico
901 3597 986 3659 suo,

28 2619 324 2636 mv*-
332 2624 342 2642 2
349 2613 1022 2634 ona—mmm

88 3151 109 3218 †
128 3147 166 3200 Ex
186 3143 354 3268 autographo
369 3143 500 3198 Melantb.
515 3143 543 3198 in
561 3143 684 3198 biblioth.
699 3136 941 3216 Μεγαλαρχᾶνιος
962 3139 1017 3192 Ba-

121 3215 198 3270 dens.
217 3217 255 3268 mi
275 3213 285 3267 i
298 3215 430 3284 descripta
445 3232 461 3268 a
476 3213 585 3269 Clarias.
602 3212 731 3266 Molles-o.

1576 3518 1767 3617 Philippus
1783 3519 2009 3596 Melanthon.

6 3717 61 3808 S.
88 3733 137 3808 D.
191 3729 299 3820 Quod
325 3743 397 3800 tam
419 3729 618 3799 verecunde
641 3729 685 3798 ad
708 3749 764 3796 me
782 3724 926 3809 scribis,
951 3723 1016 3798 etsi
1318 3689 1322 3716 ι
1562 3773 2054 3787 ..,....,-..-..,-....,-....

6 3843 53 3910 in
79 3861 123 3907 ea
143 3859 184 3905 re
207 3831 376 3902 modestia
402 3843 462 3903 tua
481 3843 522 3910 et¹
535 3853 674 3900 morum
699 3828 848 3898 civilitas
863 3839 1018 3918 apparet,

6 3958 141 4014 tamen
167 3950 200 4006 te
223 3949 328 4026 rogo',
355 3957 493 4002 mecum
516 3943 557 4001 ut
578 3931 681 4002 attica
707 3932 783 4022 lege
804 3952 903 4020 agas,
926 3925 1017 4000 ἄνευ
1064 3940 1259 4017 Νο,3186,
1304 3927 1310 3936 ’

6 4033 241 4136 προοιμίων.
293 4033 396 4108 Certe
413 4033 484 4104 illis
499 4033 699 4102 immodicis
716 4033 903 4117 laudibus,
930 4054 1017 4126 quas
1071 4039 1243 4074 *Ν

10 4148 58 4212 in
78 4169 137 4213 me
162 4157 312 4234 utraque
334 4156 442 4206 manu
458 4137 636 4226 congeris,
660 4127 735 4207 non
752 4135 918 4210 delector·
969 4127 1018 4202 Et
1314 4124 1499 4212 Senatui
1532 4125 1802 4240 Norimberg.

16 4269 133 4314 mem
149 4239 478 4332 ffl⁰ssami⁵⁵imu⁵³
502 4235 853 4329 Sieasagnffiffli'em·
898 4235 1017 4325 Quare
1133 4273 1258 4346 Epistola
1284 4271 1445 4328 Melanthos
1472 4270 1506 4324 ad
1530 4269 1668 4340 sannam,
1686 4269 1960 4342 bambergensem,
1976 4271 2011 4326 'd.
2030 4271 2057 4328 d.

9 4350 74 4418 ita
92 4349 224 4432 adme,
251 4359 291 4414 ut
312 4345 354 4412 ad
379 4341 579 4418 studiorum
596 4340 732 4412 socium
752 4339 894 4410 scribes.
943 4335 1019 4408 Re.-
1165 4345 1191 4402 6.
1210 4341 1278 4398 Maii
1299 4341 1391 4408 154⁵,
1414 4339 1562 4430 bisensis
1581 4337 1730 4420 inptptenu:
1757 4341 1845 4409 „bn
1866 4341 2059 4410 thetsbcttbttt

6 4451 123 4544 liqua
138 4473 217 4542 pars
231 4445 399 4537 epistolae
422 4445 466 4513 d'e
489 4458 550 4514 tua
571 4465 652 4533 erga
673 4467 729 4512 rne
752 4439 1018 4512 benevolentiae
1165 4412 1385 4564 ffiffinffiffiff
1405 4415 1463 4532 ’ᾗ
1481 4410 1642 4534 {ffimffi
1654 4408 2058 4536 fffflngcfffdffidflffl'ssd

6 4559 136 4647 leque
160 4550 288 4621 Studiis
313 4545 357 4620 D.
376 4541 530 4618 Urbani
549 4545 618 4615 luit
638 4539 728 4614 mihi
752 4541 1037 4615 iucundissima.
1168 4549 1301 4634 dublein
1326 4548 1494 4631 Bibliotheca
1518 4545 1602 4618 Regia
1621 4547 1800 4630 hlonaccnsi,
1819 4549 1874 4632 ,scd
1895 4549 2057 4629 nonnpotuit

6 4657 130 4750 *rud
354 4643 448 4722 ..aa
466 4663 532 4734 a,
557 4645 626 4720 a..
640 4645 823 4722 beneficio·
873 4637 1037 4730 aa...
1168 4617 1571 4755 ¹.¹:.1.‘.¹¹.¹.¹.¹.·...⁰.aau.u²:a
1583 4617 1798 4758 sceatta
1816 4616 2055 4756 suave·-

6 4761 155 4834 licituc
185 4777 276 4848 papa
306 4751 538 4824 denunciasse
564 4750 820 4842 profectionem
841 4749 886 4820 ad
911 4771 1019 4844 syno-

6 4889 124 4948 um,
151 4883 235 4930 curn
255 4877 383 4946 magno
405 4855 576 4925 comitatu
599 4865 704 4948 atque
724 4865 893 4946 apparatu
909 4849 1018 4920 susci·
1377 4901 2057 4916 „mmmm-.-.-

14 4966 205 5040 iendam.
239 4957 310 5032 Sed
324 4952 417 5028 hanc
434 4959 546 5050 ipsam
562 4955 874 5028 denunciationem
890 4951 1018 5028 deinde

1067 5045 1133 5119 No.
1152 5043 1265 5116 slat.
1927 5057 1960 5117 7.
1972 5049 2057 5117 stass.

6 5163 251 5189 ..ρ-ο-ι-ν--σ
1028 5183 1032 5198 e
1075 5143 1248 5172 m
1924 5143 2058 5174 Μ

18 5293 67 5358 1)
90 5281 208 5356 Spanh.
225 5281 369 5334 menduces
387 5279 547 5332 admixtas.
668 5236 674 5246 ¹
1403 5228 1478 5317 W.
1514 5225 1727 5314 Musonio,

12 5379 66 5446 2)
94 5367 209 5441 δμῶ’
222 5367 367 5422 m‘n‘bm
389 5365 666 5464 ''mpr'fd‘m‘mm
1137 5393 1176 5454 Er
1194 5401 1304 5463 autogca
1325 5389 1361 5446 bo
1379 5390 1406 5447 ia
1425 5387 1586 5446 bibliotheca
1608 5384 1741 5442 Beruensi
1758 5385 1831 5442 edita
1854 5386 1883 5440 iu
1902 5385 1924 5438 l.
1942 5382 1976 5436 ll.
1996 5384 2062 5438 Sin-

12 5463 71 5529 *)
97 5456 173 5510 Vid·
186 5455 219 5510 (le
231 5453 284 5508 hoc
300 5453 409 5507 decreto
423 5449 543 5504 Sifflhfl·
555 5469 582 5523 P·
598 5451 660 5506 459·
1167 5463 1225 5518 neri
1238 5407 1411 5520 cataffwdd.
1424 5468 1486 5514 nist.
1498 5455 1628 5512 Bibliotb.
1644 5456 1799 5524 &ruentia
1816 5455 1898 5512 Tosn.
1912 5453 1960 5519 ill.
1980 5453 2062 5524 (Bcc-

7 5546 93 5610 **)
118 5538 189 5594 Atia
203 5554 299 5592 manus
312 5535 470 5606 adscripsits
487 5534 654 5590 anno-1545.
973 5595 987 5608 ⁸
1171 5549 1221 5586 nae
1235 5529 1311 5584 1772.
1328 5527 1364 5594 8.)
1383 5547 1409 5601 p.
1421 5529 1481 5583 260.
1517 5527 1749 5594 (Focutecnann.)

6 5617 325 5694 Taurumue.
352 5611 492 5678 Vonv.
1252 5601 1303 5674 48

1916 4041 2056 4066 Μ
