4776 6260
54 331 121 408 705
626 267 1061 408 EPISTOLARUM
1113 267 1217 411 Llll.
1252 332 1317 409 la.
1371 333 1502 468 fild.
2010 343 2086 416 706

51 528 185 576 mecum
207 507 251 578 de
273 503 365 598 ch.
390 529 493 597 saepe
514 503 653 583 locutus
681 515 750 589 est,
774 501 885 572 multa
908 505 953 572 de
972 503 1038 574 do·
1189 498 1398 574 Miliedius
1422 507 1560 598 scripsit
1584 510 1627 580 de
1647 513 1774 584 morbo
1795 506 1959 608 Georgii.
2010 513 2083 586 Sed

51 608 159 680 ctrina
185 609 396 690 sciscitatus,
425 623 460 679 et
481 610 525 678 de
547 633 628 677 vera
641 605 711 676 Dei
729 606 971 688 invocatione,
998 629 1038 674 ac
1092 605 1168 675 veri
1189 607 1305 676 fontes
1331 609 1597 678 solicitudinum
1630 612 1740 704 ipsius
1765 609 1857 684 mihi
1889 617 1965 688 noti
1987 632 2080 698 sunt,

49 735 128 780 rere
141 711 305 800 praedico
326 733 383 779 me
401 711 715 780 commonefactum
738 705 852 797 ipsius
861 705 1036 779 eruditiss.
1090 731 1179 799 quos
1202 732 1318 777 coram
1341 707 1508 781 recitabo.
1559 710 1634 782 Hae
1655 716 1827 806 paulatim
1851 719 1968 788 cordis
1987 719 2080 788 vires

47 813 237 882 sermonib.
252 826 287 882 et
302 812 417 903 plenis
433 811 579 902 pietate,
607 809 780 902 quaedam
795 819 915 897 postea
933 831 1038 878 accu-
1089 812 1354 895 absumserunt,
1387 826 1421 880 et
1444 813 1541 904 quod
1563 815 1638 883 lieri
1665 817 1771 904 solet,
1804 831 1917 888 totum
1940 819 2080 912 στῆθος

49 913 156 984 ratius
172 926 345 986 tractasse.
378 911 469 984 Cum
486 913 595 1002 igitur
609 924 644 981 et
659 909 895 998 integritatem
913 907 1035 1000 ipsius,
1089 909 1386 1000 languefecerunt.

50 1030 82 1085 et
106 1016 347 1106 prudentiam,
382 1028 416 1084 et
441 1028 554 1085 totum
585 1011 802 1082 curriculum
826 1009 978 1080 salutare
1002 1023 1036 1081 et
1188 1011 1294 1082 Facio
1314 1011 1361 1082 de
1382 1014 1452 1083 mei
1479 1016 1631 1106 pectoris
1661 1018 1873 1090 arefactione
1897 1020 2077 1090 coniectu-

47 1117 128 1188 felix
150 1117 330 1200 noverim,
354 1139 519 1204 magnum
540 1109 632 1184 mibi
646 1113 805 1184 dolorem
820 1112 895 1181 eius
910 1111 1036 1182 interi·
1087 1136 1175 1187 ram.
1231 1111 1390 1182 Libellos
1412 1139 1432 1184 a
1455 1129 1488 1186 te
1512 1119 1637 1188 missos
1658 1121 1793 1212 accepi,
1817 1145 1883 1214 pro
1904 1145 1974 1215 qua
1997 1122 2075 1190 edi-

48 1234 102 1290 tus
116 1219 230 1291 affers.
282 1215 329 1288 Et
344 1241 545 1311 quanquam
562 1240 638 1286 mea
655 1238 773 1286 caussa
789 1213 955 1304 privatim
969 1216 1034 1284 do-
1086 1213 1184 1284 tione
1198 1214 1265 1282 tibi
1278 1213 1371 1307 Reip
1389 1217 1533 1288 nomine
1547 1221 1676 1308 gratias
1693 1243 1769 1310 ago.

47 1320 119 1404 leo,
144 1321 257 1390 amico
272 1344 329 1388 me
344 1320 406 1390 tali
422 1319 585 1389 orbatum
598 1341 688 1397 esse,
716 1315 815 1386 cuius
831 1314 916 1384 fides
931 1339 1035 1406 prae·
1186 1313 1275 1385 Heri
1290 1317 1423 1388 litteras
1437 1314 1607 1390 aBucero
1619 1323 1751 1415 accepi,
1766 1322 1829 1416 qui
1839 1323 1929 1392 vidit
1943 1323 2074 1408 editam

48 1423 136 1492 sidio
154 1417 242 1490 mihi
260 1444 332 1490 esse
347 1433 502 1512 poterat,
528 1432 645 1488 tamen
658 1415 761 1508 Reip.
784 1439 904 1486 caussa
924 1417 1034 1506 magis
1085 1410 1288 1510 κατήχησιν
1310 1415 1544 1514 Graecam³),
1575 1447 1657 1494 narn
1678 1423 1806 1519 misi⁴)
1829 1418 2013 1510 Slurmio,
2039 1438 2074 1495 et

46 1524 203 1606 crucior,
230 1524 274 1591 de
291 1547 360 1614 qua
384 1521 589 1613 praesertim
610 1543 708 1588 nunc
724 1519 761 1586 in
778 1517 1035 1608 gubernatione
1086 1542 1200 1608 nuper
1228 1519 1309 1586 misi
1336 1515 1431 1591 hunc
1457 1538 1630 1593 recentem
1655 1525 1834 1610 libellum,
1876 1526 1977 1596 valde
2005 1526 2073 1596 tibi

43 1621 284 1695 Ecclesiarum
300 1622 437 1718 Mysiae
455 1621 630 1714 praeclare
647 1620 774 1689 mereri
789 1632 934 1712 poterat.
960 1617 1033 1689 Nec
1085 1620 1214 1708 gratias
1229 1622 1300 1708 agit
1314 1623 1409 1712 quod
1433 1626 1478 1694 ad
1496 1627 1689 1696 ornandam
1704 1623 1896 1698 Ecclesiam
1913 1627 2073 1697 studium

44 1725 168 1796 dubito
185 1725 500 1822 teiisdemxcaussis
516 1722 781 1814 moveri,quib.
797 1744 859 1810 ego
875 1745 1032 1804 moveor,
1086 1737 1186 1792 tuum
1209 1722 1357 1791 confers.
1415 1715 1613 1818 Epistulam
1644 1729 1690 1797 ad
1717 1722 1911 1798 Irenaeum
1939 1728 2074 1819 perlegi

43 1842 78 1900 et
91 1850 214 1896 sensus
228 1826 362 1896 doloris
379 1828 431 1897 tui
445 1824 548 1895 initio
563 1823 678 1896 acrior
695 1836 763 1908 est,
786 1834 932 1915 propter
946 1824 1034 1892 edu·
1086 1835 1205 1894 totam.
1255 1818 1357 1893 Nihil
1379 1822 1469 1897 mihi
1495 1828 1533 1896 io
1555 1823 1622 1898 hae
1634 1828 1706 1900 vita
1722 1830 1835 1899 maius
1850 1829 1961 1898 tribui
1978 1843 2073 1922 opto,

40 1929 191 1999 cationis
205 1940 284 1997 tuae
299 1927 516 1998 memoriam.
568 1925 656 2011 Sed,
676 1919 1033 2006 miloachime,con·
1086 1948 1192 2016 quarn
1208 1923 1259 1992 ibi
1276 1920 1365 1994 mihi
1378 1926 1517 2003 tribuis.
1567 1925 1774 2002 Etsiautem
1786 1931 1897 2001 debeo
1912 1931 1979 2001 tibi
1991 1931 2073 2022 plu-

42 2027 219 2124 fugiamus
233 2031 276 2098 ad
291 2052 348 2098 eas
365 2029 642 2114 consolationes,
667 2049 756 2117 quas
769 2023 865 2096 Deus
881 2025 955 2116 ipse
970 2049 1035 2117 pa-¹
1086 2025 1216 2095 rimum
1241 2048 1307 2114 pro
1334 2021 1401 2095 hoc
1422 2043 1495 2098 tam
1515 2024 1711 2101 honorifico
1727 2033 1948 2116 testimonio,
1973 2057 2013 2102 ac
2029 2055 2071 2101 ex

45 2130 161 2201 tefecit
183 2125 340 2222 humano
363 2132 493 2222 generi.
544 2129 620 2202 Scis
644 2141 775 2222 quanta
802 2129 846 2198 sit
868 2126 1033 2216 caligoin
1086 2127 1205 2194 animo
1221 2125 1288 2194 tibi
1303 2128 1432 2214 gratias
1447 2151 1533 2220 ago,
1552 2145 1762 2202 tamencum
1775 2159 1833 2203 me
1849 2133 1949 2226 quasi
1968 2135 2011 2203 ad
2027 2133 2072 2202 il-

40 2226 270 2325 philosophia
280 2231 457 2304 Socratica
467 2236 509 2302 de
519 2232 649 2304 caussis
661 2229 782 2299 mortis
792 2228 1033 2317 etingentium
1085 2227 1156 2294 lam
1177 2225 1365 2316 imaginem
1387 2231 1547 2317 confero,
1571 2232 1747 2326 videoque
1766 2236 1825 2322 vir
1849 2247 1984 2326 partem
2005 2234 2072 2302 ali-

42 2333 284 2404 calamitatum
306 2329 561 2418 humanarum,
592 2347 627 2403 et
650 2333 693 2400 de
715 2329 881 2398 remediis
901 2353 1032 2398 earum.
1086 2351 1192 2421 quam
1211 2329 1282 2396 mei
1302 2333 1529 2419 respondere,
1552 2355 1636 2402 sane
1657 2337 1767 2426 pudet
1789 2334 1943 2406 memei.
1995 2333 2072 2405 Vo-

40 2433 111 2506 sed
138 2436 275 2527 prodiit
288 2432 386 2505 Deus
407 2459 448 2506 ex
470 2434 623 2502 aeternis
637 2431 780 2501 latebris
795 2430 889 2514 suis,
915 2443 948 2498 et
972 2453 1034 2499 sua
1086 2431 1204 2499 luntas
1223 2443 1315 2500 recte
1334 2431 1487 2501 faciendi
1508 2458 1582 2502 non
1598 2429 1830 2520 defuitmihi,
1857 2436 1980 2518 duces,
2005 2437 2072 2504 do-

38 2560 124 2606 voce
149 2536 293 2620 docuit,
322 2560 386 2605 cur
408 2530 494 2605 haec
515 2535 649 2623 fragilis
666 2545 792 2602 natura
810 2532 918 2600 tantis
932 2555 1035 2600 aeru-
1086 2546 1216 2616 etores,
1241 2544 1398 2623 tempora
1412 2535 1611 2606 defuerunt.
1661 2534 1788 2623 Qualis
1801 2537 1908 2608 fucrit
1929 2536 2072 2626 opinio-

36 2638 131 2706 mnis
146 2639 307 2708 subiecta
325 2637 391 2721 sit,
406 2651 441 2707 ct
458 2650 601 2720 testatus
619 2647 689 2719 est,
705 2657 741 2703 se
758 2629 935 2702 Ecclesiae
952 2655 1034 2704 suae
1086 2657 1173 2702 num
1189 2633 1349 2702 confusio
1361 2636 1573 2718 meministi,
1598 2649 1730 2732 quanta
1743 2637 1894 2724 inscitia,
1919 2651 2072 2730 quantae

38 2739 240 2810 afflatorum
262 2753 297 2808 et
317 2737 574 2828 opitulaturum
594 2759 678 2809 esse.
728 2733 805 2806 Hac
821 2758 888 2804 nos
903 2735 1035 2805 doctri·
1086 2735 1251 2804 tenebrae
1274 2733 1314 2802 in
1334 2733 1406 2806 illis
1423 2737 1527 2830 ipsis,
1553 2739 1617 2832 qui
1639 2752 1722 2809 ante
1736 2738 1881 2829 triginta
1897 2762 2008 2809 annos
2032 2739 2072 2810 in

38 2867 103 2922 na,
131 2865 228 2936 quae
249 2841 316 2910 tibi
336 2852 418 2909 nota
443 2854 512 2923 est,
542 2851 793 2920 sustentemus,
823 2860 897 2905 non
919 2837 1035 2906 solum
1086 2835 1339 2926 gubernatione
1359 2839 1623 2925 doctrinarum,
1646 2853 1814 2936 tanquam
1835 2842 1881 2912 ad
1896 2841 2072 2931 guberna-

40 2944 80 3013 in
102 2939 175 3014 hoc
197 2943 314 3021 luctu,
347 2941 529 3010 sedetiam
551 2941 591 3008 in
612 2939 735 3010 ceteris
748 2938 918 3024 miseriis,
944 2963 1034 3032 quae
1087 2937 1206 3007 culum
1222 2937 1400 3042 sedebant.
1444 2939 1548 3012 Nunc
1560 2966 1624 3012 oro
1639 2940 1776 3028 Deum,
1799 2955 1840 3012 ut
1852 2937 1944 3012 hanc
1959 2969 2075 3036 quan-

38 3047 174 3115 multae
191 3057 225 3114 et
237 3065 384 3133 magnae
399 3056 491 3114 sunt.
719 3061 725 3073 ’
1087 3040 1338 3132 tulamcunque
1351 3042 1557 3113 tenuitatem
1574 3045 1755 3114 doctrinae
1778 3066 1883 3136 quam
1899 3060 2075 3116 monstra-

145 3139 244 3216 Mihi
258 3144 471 3216 maesticiam
487 3138 676 3214 hisdiebus
690 3168 769 3214 cum
784 3143 1035 3238 aliaquaedam
1088 3140 1138 3210 vit
1161 3141 1285 3225 nobis,
1309 3137 1499 3231 provehat,
1524 3157 1558 3214 et
1583 3146 1776 3230 faciat,·ut
1799 3146 1913 3215 nostri
1934 3147 2072 3220 labores
2158 3155 2162 3165 '

38 3258 237 3330 erexerunt,
262 3258 339 3316 tum
353 3271 437 3316 vero
462 3246 626 3336 inprimis
643 3248 929 3316 commemoratio
945 3237 1037 3313 Bet.
1088 3243 1159 3312 sint
1182 3242 1287 3311 utiles
1303 3238 1492 3318 Ecclesiae.
1551 3239 1647 3314 Mihi
1671 3269 1736 3314 nec
1760 3245 1974 3336 voluptates,
2007 3271 2072 3319 nee

34 3349 145 3444 gisae
169 3347 399 3419 crudelitatis.
451 3343 629 3416 Interfecti
651 3360 735 3417 sunt
758 3344 1036 3440 recensquidam
1087 3342 1298 3434 potentiam,
1323 3367 1388 3412 nec
1401 3367 1485 3436 opes
1501 3346 1671 3438 quaesivi.

37 3443 286 3531 Artesr'ensr's,
311 3447 541 3515 concionator
558 3445 716 3516 Gallicae
732 3443 926 3530 Ecclesiae,
947 3469 1036 3540 quac
1189 3431 1368 3512 Corolum
1382 3444 1522 3534 laudari
1537 3459 1605 3516 ate
1619 3448 1753 3539 placet,
1777 3449 1842 3520 etsi
1859 3449 2074 3540 asperiorem

35 3546 276 3641 Argentorati
303 3546 438 3631 exulat,
460 3547 517 3615 vir
538 3548 662 3615 doctus
685 3559 719 3616 et
735 3571 808 3616 non
830 3548 1036 3640 inquinatus
1089 3544 1164 3614 fieri
1189 3545 1313 3619 sentio.
1370 3543 1419 3616 Et
1438 3542 1498 3618 bic
1528 3563 1721 3619 conventus
1750 3549 1825 3620 eius
1854 3551 2073 3621 voluntatem

36 3655 121 3724 labe
146 3644 301 3716 fanatica
332 3646 426 3732 ulla,
458 3660 492 3718 et
513 3640 694 3738 Aegide'us
713 3645 971 3731 bruxellensis,
1002 3660 1036 3718 et
1088 3645 1199 3736 magis
1238 3646 1443 3722 declarabit.
1505 3647 1597 3718 Nam
1632 3643 1843 3724 Granaelus
1873 3652 1943 3722 iam
1975 3653 2075 3724 venit

33 3766 209 3825 matrona
232 3747 364 3816 nobilis
384 3742 669 3818 Davenlriensis
691 3772 771 3818 curn
787 3751 924 3820 duabus
946 3749 1037 3818 filia·
1084 3741 1368 3820 Wormate'om.
1426 3747 1637 3822 secuturum
1668 3775 1742 3822 esse
1772 3753 1976 3840 dominum,
2011 3755 2077 3828 uhi

36 3859 106 3926 bus
130 3849 264 3944 pudice
288 3863 322 3918 et
348 3849 407 3942 pie
431 3850 597 3920 educatis.
647 3847 695 3921 Et
715 3851 848 3921 similes
867 3847 1036 3923 historiae
1088 3851 1223 3922 curatio
1238 3845 1365 3920 Ebene'
1386 3874 1448 3921 sen
1472 3849 1622 3922 Guaiaci
1643 3853 1750 3923 fuerit
1771 3855 1950 3940 absoluta,
1972 3879 2076 3948 pror-

36 3958 130 4027 aliae
144 3951 359 4036 recitantur,
374 3975 524 4044 quarum
538 3951 768 4042 cogitatione,
783 3953 922 4023 utinam
936 3953 1037 4046 prin·
1091 3976 1149 4024 sus
1169 3953 1342 4024 existimo.
1379 3949 1513 4022 Verum
1527 3953 1731 4048 quicunque
1744 3967 1849 4026 erunt
1864 3955 1994 4042 exitus,
2011 3979 2076 4028 noe

40 4061 136 4154 cipes
155 4049 520 4148 virimoverentur¹).
1090 4054 1286 4124 necessaria
1315 4053 1537 4144 scripsimus,
1570 4079 1646 4124 non
1678 4057 1879 4147 petulanter
1911 4055 2077 4129 novimus

143 4154 274 4231 Rediit
289 4167 409 4225 noster
420 4151 617 4251 Hispanus
631 4145 922 4248 Franciseus²),
943 4154 1038 4224 divi·
1089 4153 1269 4246 Rempub.
1308 4155 1466 4225 sutilium
1503 4157 1729 4248 questionum
1774 4157 1981 4248 agitatione,
2034 4174 2076 4233 ut

44 4261 143 4333 nitus
175 4259 366 4342 liberatus,
397 4257 472 4326 sine
500 4280 566 4348 ope
590 4257 700 4328 ullius
727 4253 902 4342 hominis,
933 4281 1040 4350 quem
1090 4253 1229 4328 Rhodii
1244 4256 1445 4326 Minervam
1460 4271 1685 4350 quaerentes,
1704 4259 1919 4330 matulamne
1934 4261 1972 4330 in
1987 4276 2078 4333 tem-

42 4365 194 4456 quidem
216 4359 289 4450 ipse
311 4359 427 4439 norit,
454 4357 541 4428 iussi
565 4381 644 4428 eum
670 4353 855 4428 historiam
877 4357 1050 4444 scribere,
1092 4360 1191 4450 plum
1207 4361 1252 4428 ad
1267 4355 1538 4449 Epulationem,
1562 4383 1651 4453 quae
1664 4372 1778 4431 totum
1802 4361 1896 4432 diem
1917 4362 2078 4450 durabat,

41 4489 151 4558 quam
177 4461 248 4530 tibi
270 4459 466 4534 afferemus.
528 4457 698 4532 Feramus
726 4461 834 4550 igitur
862 4459 901 4528 in
932 4461 1041 4530 tantis
1093 4463 1223 4532 inferre
1246 4459 1387 4544 liceret,
1420 4472 1540 4550 postea
1558 4484 1681 4532 rursus
1704 4461 1985 4553 interrogarunt,
2015 4488 2079 4534 au-

38 4563 148 4638 Publ.
173 4559 355 4633 Ecclesiae
386 4561 539 4632 miseriis
567 4569 673 4633 etiarn
702 4574 822 4631 nostra
848 4583 975 4645 onera,
1007 4576 1041 4633 et
1093 4585 1237 4632 reamne
1270 4585 1317 4630 an
1349 4573 1533 4632 testaceam
1565 4561 1697 4634 inferre
1730 4565 1909 4636 deberent.
1966 4561 2077 4636 Utilia

37 4684 278 4758 agnoscamus
301 4685 341 4732 ac
363 4663 587 4755 deploremus
608 4686 763 4750 caussas,
794 4675 828 4734 et
850 4663 1044 4754 mitigatio-
1093 4677 1185 4734 certe
1199 4661 1447 4756 quaesivimus.
1492 4660 1691 4750 Postremo,
1717 4665 1782 4736 etsi
1795 4688 2007 4758 mequoque
2022 4690 2079 4736 re-

37 4793 124 4840 nem
139 4779 323 4860 petamus,
348 4777 389 4836 ut
410 4762 724 4857 saepeProphetae
738 4765 935 4836 clamitant:
967 4761 1043 4837 Re-
1094 4787 1307 4858 sponsurum
1332 4786 1405 4834 esse
1428 4765 1620 4854 significas,
1645 4778 1764 4836 umen
1787 4787 1906 4835 caussa
1928 4765 1976 4836 ita
1998 4790 2079 4859 pcr-

38 4873 196 4944 cordare
219 4861 335 4951 Deus,
360 4891 440 4936 cum
465 4867 641 4952 irasceris,
666 4867 929 4938 misericordiae
951 4879 1043 4953 tuae,
1096 4862 1235 4961 orata‘)
1255 4879 1340 4936 esta
1365 4879 1417 4950 te,
1447 4880 1487 4936 ut
1501 4865 1568 4936 sim
1589 4867 1751 4957 ineptos,
1785 4865 1814 4934 si
1834 4865 1921 4960 quid
1936 4869 2078 4938 addam:

38 4998 109 5044 nec
136 4981 255 5042 totam
277 4966 366 5036 iram
393 4980 490 5038 tuam
519 4969 707 5049 accendas,
741 4991 842 5038 serva
866 4965 1044 5040 Ecclesiae
1096 4968 1235 5040 Tamen
1256 4981 1296 5038 ut
1313 4967 1600 5039 veltibimorem
1620 4989 1759 5057 geram,
1783 4966 1918 5060 aliquid
1936 4993 2081 5062 compo-

37 5071 240 5170 reliquias,
272 5091 337 5138 nec
360 5089 426 5138 nos
449 5069 594 5141 abiicias
613 5071 706 5141 inter
721 5068 867 5162 impioss
915 5067 1045 5164 Mitiga
1098 5094 1200 5156 nam,
1225 5093 1307 5140 cum
1329 5069 1374 5140 ab
1399 5069 1522 5140 aulicis
1544 5069 1660 5162 operis
1683 5091 1773 5164 quae
1795 5093 1970 5166 menone
1989 5072 2080 5142 deti·

35 5178 265 5248 iramtuam.

38 5325 292 5348 ..ffl—
1131 5326 1160 5394 8)
1178 5325 1245 5382 Μδίο
1263 5335 1354 5382 lm·
1424 5347 1428 5354 ’

77 5423 107 5490 ι)
127 5416 202 5472 Met.
218 5413 357 5480 armabas
368 5413 465 5468 norem
474 5421 663 5470 monument.
1133 5415 1163 5484 t)
1180 5413 1246 5470 bist.
1264 5429 1340 5469 cers.

74 5505 108 5570 2)
128 5494 295 5568 Dryander.
1136 5497 1168 5572 5)
1183 5505 1340 5568 perorent·
1356 5505 1421 5554 met·

58 5585 232 5652 Maean.
248 5571 367 5642 Orno
379 5571 464 5644 voe.
476 5573 522 5642 V.
1281 5567 1332 5647 45
