4776 6260
78 375 149 456 ua
208 345 267 398 ·“
650 365 1092 450 srtsrotattou
1151 373 1259 453 tto.
1295 375 1359 456 tx.
1414 375 1545 458 reas.
2044 393 2118 472 raa

84 551 149 622 No.
164 547 277 624 5169.
929 561 963 621 2.
987 547 1066 632 Apr.
1122 547 1304 620 doctrinae
1332 551 1563 625 fundamenta
1592 571 1627 629 et
1652 562 1974 652 controversiarum
1999 567 2114 638 sontes

81 649 292 688 Μ
928 639 1063 666 ‘⁶⁸⁹
1121 649 1280 738 ignorat,
1308 677 1348 724 ac
1369 655 1517 746 perinde
1538 661 1738 736 considerat
1759 687 1901 735 eorsum
1916 662 2113 760 Evangelii,

372 739 445 828 Ol.
484 737 770 826 Goldttet'nt‘o.
1120 764 1162 822 ut
1176 753 1241 822 bos
1258 779 1387 826 novam
1406 771 1545 847 portam
1560 760 1715 855 inspicit.

1221 852 1263 951 2)
1290 855 1384 930 Sunt
1407 873 1525 931 autem
1547 863 1627 949 alii,
1653 879 1687 935 ct
1708 863 1748 937 hi
1767 871 1911 962 quidem
1932 871 2054 966 magni
2078 885 2112 944 et

1121 957 1277 1043 nobiles,
1304 961 1367 1054 qui
1381 985 1461 1032 suas
1477 964 1522 1034 de
1535 966 1707 1055 religione
1721 972 1909 1063 opiniones
1925 973 2112 1046 inflectunt

319 1139 327 1157 ι
365 1140 372 1158 Ι
714 1063 743 1155 ,’
1120 1081 1218 1128 more
1235 1056 1427 1157 Ezeboli*)
1452 1067 1496 1134 ad
1514 1067 1659 1139 allectus
1681 1075 1920 1162 praesentium
1934 1077 2112 1164 guberna·
2155 1083 2162 1096 ’

151 1139 209 1218 D·
235 1133 349 1213 01111
356 1164 467 1213 lm
493 1133 647 1212 G⁰ld⁸
657 1148 751 1210 ²²²⁰
778 1132 817 1210 P
812 1133 848 1214 11·
875 1135 976 1216 Mel·
1120 1174 1250 1235 torum.
1300 1161 1406 1234 Tales
1419 1190 1516 1237 nurse
1534 1172 1637 1242 multi
1652 1187 1735 1243 sunt
1750 1175 1788 1245 in
1803 1177 1912 1262 aulis,
1937 1179 2001 1270 qui
2017 1173 2110 1248 banc

4 1255 9 1298 ³
73 1254 404 1362 Deliberationem,
427 1297 533 1368 quarn
551 1274 619 1343 tibi
637 1271 790 1344 describi
805 1271 959 1358 volebas,
983 1272 1068 1342 mit·
1119 1265 1176 1332 Vel
1200 1266 1297 1334 illam
1321 1267 1529 1356 religionem
1548 1273 1719 1364 Prssbassl.
1745 1301 1819 1347 non
1844 1279 1939 1372 quod
1955 1303 2037 1349 vere
2061 1281 2109 1350 ilo

72 1393 145 1450 tam
166 1393 248 1472 post
263 1401 395 1472 paucos
411 1377 485 1446 dies
504 1399 667 1445 excusam
683 1374 776 1468 typis
797 1385 858 1444 aut
882 1389 975 1445 certe
991 1398 1068 1442 ma·
1119 1366 1284 1482 8111118111,
1308 1362 1407 1470 [sed]
1421 1372 1503 1466 qula
1517 1374 1647 1446 nolunt
1660 1377 1839 1450 offendere
1855 1380 1992 1452 animos
2008 1382 2109 1472 prin-

4 1501 7 1506 ·
72 1505 122 1552 nu
147 1483 371 1572 descriptam.
423 1477 529 1549 Nunc
550 1478 646 1547 enim
671 1476 782 1546 latine
804 1477 934 1560 reddo,
960 1499 1066 1568 qnam
1119 1489 1250 1557 etputn.

6 1599 9 1610 ·
71 1598 174 1654 antea
201 1584 322 1672 lingua
353 1603 518 1671 germana
549 1578 732 1669 composui
750 1576 790 1674 ¹).
845 1573 925 1648 Etsi
948 1591 1066 1648 autem
1220 1571 1262 1662 8)
1285 1569 1379 1644 Sunt
1408 1573 1513 1644 etiam
1540 1576 1620 1662 alii,
1661 1579 1723 1672 qui
1755 1603 1923 1670 magnum
1953 1587 2111 1656 studium

3 1703 9 1716 ’
70 1676 236 1756 Carolus
253 1707 328 1752 non
341 1677 509 1752 abhorret
523 1703 543 1751 a
556 1679 748 1752 moderatis
762 1679 930 1766 consiliis,
948 1692 1066 1750 tamen
1119 1669 1258 1762 pletatis
1277 1687 1311 1743 et
1325 1675 1505 1766 singulare
1527 1679 1621 1750 zelus
1645 1704 1728 1772 prae
1750 1705 1785 1752 se
1802 1685 1940 1771 serunt,
1966 1689 2026 1756 sed
2044 1681 2113 1758 hoc

2 1777 6 1865 f
69 1787 225 1858 aliorum
250 1787 410 1870 sorores,
437 1785 499 1878 qni
526 1784 617 1864 sint,
642 1783 815 1852 videmus.
866 1779 1006 1854 Recens
1027 1781 1066 1849 in
1120 1787 1301 1862 praetextu
1326 1800 1406 1847 suas
1428 1780 1639 1870 cupiditates
1658 1785 1797 1874 explere
1814 1800 2000 1862 conantur.
2052 1785 2112 1858 Ad

3 1877 8 1924 ⁷·
67 1885 227 1982 Belgico
247 1901 408 1956 matrona
432 1886 565 1957 nobilis
589 1909 670 1956 cnm
693 1884 831 1955 duabus
846 1883 988 1954 filiabus
1011 1884 1067 1974 pie
1122 1871 1217 1944 hunc
1250 1877 1392 1948 tertium
1423 1883 1572 1970 gradum
1606 1886 1787 1976 pertinent
1818 1889 1922 1958 multi
1948 1883 2111 1961 homines

70 2005 105 2061 et
124 1990 254 2082 pudice
271 1989 427 2059 educatis
443 2001 594 2059 cremata
612 2001 663 2059 est
679 2000 823 2079 propter
838 1986 917 2078 piae
933 1985 1068 2056 doctri-
1120 1977 1226 2049 leves.
2031 2043 2038 2050 .

2 2081 6 2131 ⁵
69 2115 138 2162 nae
160 2091 439 2176 confessionem,
466 2103 500 2160 et
518 2089 626 2159 audio
644 2111 701 2159 eas
722 2111 796 2158 non
817 2086 924 2158 luisse
945 2101 1068 2158 conta-
1221 2073 1264 2173 4)
1291 2077 1495 2151 Postremus
1522 2085 1652 2173 gratim
1681 2090 1840 2160 continet
1866 2116 1948 2161 vero
1974 2093 2114 2180 electos,

67 2194 240 2262 minatae*
253 2193 354 2261 malis
383 2192 626 2284 opinionibus.
676 2187 769 2262 Cum
796 2189 947 2260 iunioris
975 2189 1068 2258 filiae
1121 2173 1453 2275 110οθ51,(]1101“1111)
1474 2209 1575 2255 mens
1595 2188 1894 2262 recteiudicatde
1914 2195 2113 2288 praecipuis

2 2326 7 2384 ζ
67 2293 289 2387 supplicium
307 2295 456 2366 dilatum
479 2308 587 2380 esset,
610 2304 653 2364 ut
666 2291 866 2384 spectaculo
887 2293 1068 2382 frangere·
1121 2283 1372 2352 controversiis
1401 2299 1434 2355 et
1461 2309 1581 2357 earum
1610 2290 1839 2363 fundamenta
1866 2295 2052 2387 intelligit,
2080 2312 2115 2368 et

2 2432 6 2440 ·
67 2413 149 2484 tur,
175 2399 390 2486 interrogata
410 2407 548 2488 postea,
573 2419 620 2464 an
637 2407 859 2464 recantatum
878 2406 986 2478 esset,
1011 2416 1069 2461 re·
1121 2383 1286 2454 V⁰l¹1¹¹l³⁵
1302 2385 1466 2476 ⁵5⁶³SP·
1483 2385 1519 2462 S·
1537 2389 1740 2461 tssflfirffldlfl
1764 2408 1833 2480 0⁵1.
1860 2411 1900 2467 υἱ
1917 2421 1990 2466 ¹¹0ss
2007 2400 2114 2468 dubl·
2154 2415 2159 2420 '

2 2507 3 2544 ὲ
67 2499 238 2594 spondit,
263 2520 300 2566 se
320 2499 450 2568 ituram
468 2498 514 2567 ad
534 2509 682 2566 matrem
698 2510 732 2566 et
753 2517 909 2566 sororem
926 2495 966 2564 in
989 2518 1070 2565 coe.
1122 2498 1197 2556 tent
1214 2511 1337 2556 omnes
1357 2512 1412 2557 res
1436 2483 1609 2561 humanas
1630 2491 1792 2565 amittere
1811 2510 1956 2588 propter
1976 2501 2113 2570 conses-

1 2606 3 2650 ³
65 2604 158 2677 lum.
187 2598 239 2670 lta
257 2613 290 2670 et
307 2601 351 2669 de
366 2600 440 2692 ipsa'
458 2612 638 2689 sumptum
653 2610 704 2669 est
719 2598 943 2690 supplicium.
971 2593 1070 2686 Quas
1122 2587 1258 2656 sionem
1275 2590 1457 2661 doctrinae
1473 2591 1645 2664 divinitus
1661 2597 1822 2666 traditae.
1881 2595 2113 2692 Deltacpcr-

1 2749 2 2752 =
65 2725 199 2796 rupes,
226 2723 314 2795 quos
333 2702 594 2792 scopulos-non
616 2715 776 2771 moveret
790 2693 876 2771 baec
890 2702 1069 2793 asperitas.
1123 2693 1339 2778 severantia.
1364 2717 1452 2786 ‘1⁰³0
1473 2695 1511 2762 5¹1
1534 2700 1791 2786 P³11⁰⁰⁸ffldils
1818 2699 1895 2770 Sine
1916 2703 2114 2772 111181111δί-

1 2817 3 2858 ὲ
64 2806 143 2878 Nec
159 2815 276 2898 polest
290 2799 377 2873 haec
393 2803 537 2874 saevitia
554 2803 724 2874 diuturna
739 2826 824 2878 esse,
867 2800 936 2874 Sed
954 2803 1068 2872 filium
1123 2790 1624 2888 11111011121οᾳ011111011ΐ111118.
1663 2797 1744 2868 Non
1761 2801 1854 2870 enlm
1871 2805 1955 2874 saell
1972 2805 2113 2874 electio-

64 2908 158 2994 Dei,
182 2907 368 2976 dominum
392 2919 505 2980 nostr,
529 2901 613 2976 1,C,
634 2929 796 2988 oremus,
822 2919 863 2976 ut
885 2929 952 2994 nuos
973 2917 1071 2994 regat
1122 2919 1204 2964 nem
1222 2896 1490 2988 particularem,
1514 2901 1575 2968 sed
1593 2900 1671 2972 vult
1691 2901 1846 2972 discerni
1866 2907 1996 2996 gradus
2011 2909 2114 2977 audi-

1 3021 2 3066 ἲ
65 3027 100 3083 et
117 3022 238 3080 servet
260 3003 323 3078 has
341 3005 517 3078 Ecclesias
538 3022 572 3078 et
589 3007 741 3097 politias.
775 3006 818 3077 B.
836 3005 880 3076 V.
913 3005 1016 3079 Feria
1033 3008 1069 3081 5.
1123 3013 1241 3070 torum
1265 2995 1472 3090 Evangelii,
1507 3025 1636 3095 eosque
1659 3005 1837 3076 aestimari
1865 3032 1938 3077 non
1968 3008 2113 3102 quidem

1 3132 2 3135 ¹
65 3128 152 3208 post
168 3109 375 3182 palmarum
391 3133 478 3184 ann,
490 3105 519 3208 ²)
536 3104 643 3184 1545,
1123 3115 1265 3170 externa
1282 3103 1416 3192 specie,
1443 3127 1512 3195 qua
1532 3099 1625 3173 nihil
1642 3105 1809 3178 incertius
1828 3121 1862 3180 et
1877 3110 2037 3182 bellasius
2054 3126 2115 3196 est,

1122 3203 1183 3270 sed
1198 3203 1311 3272 causis
1326 3204 1568 3286 interioribus,
1593 3207 1725 3277 scilicet
1742 3223 1859 3280 mente
1875 3226 1910 3281 et
1922 3213 2113 3286 voluntate.

135 925 156 990 l·
175 919 442 1062 Epcpqqgrpplqiqin
460 920 523 980 cod.
537 920 620 978 Gotb.
634 917 694 974 tst.
715 937 741 992 p.
755 916 824 974 osb.
837 927 864 974 et
881 917 911 972 iu
924 918 987 975 cod.
1001 917 1066 974 Mo·

226 3312 358 3388 Mulli
370 3327 457 3390 sunl
475 3317 610 3405 vocali,
632 3277 748 3418 pauci
762 3315 864 3387 electi
875 3313 920 3412 ³).

1555 3435 1736 3444 -.---—-
1744 3438 1904 3448 -—---..
1914 3443 1920 3448 .
1934 3443 1944 3448 -
1964 3443 1980 3449 -
2019 3443 2111 3453 ...ὼ-

177 3465 356 3556 Theologi
388 3469 500 3538 multa
531 3481 566 3540 et
598 3469 696 3536 varia
723 3469 906 3558 disputant
929 3468 974 3536 de
1001 3463 1069 3538 hoc

1 3573 2 3584 ’
63 3574 191 3652 dicto,
225 3572 285 3637 sed
316 3583 489 3660 qnantum
516 3591 581 3657 ego
614 3569 776 3639 existimo
808 3569 1070 3660 simplicissima
1132 3561 1335 3636 Nostto.
1952 3583 2005 3665 (2.
2028 3585 2113 3670 Api)

1 3748 3 3763 ‚
64 3670 265 3764 explicatio
288 3669 382 3738 sumi
404 3683 520 3763 potest
541 3693 584 3739 ex
610 3669 893 3740 consideratione
918 3671 1071 3764 quat'uor
1128 3667 1340 3704 Μ
1954 3679 2111 3706 “⁸²

64 3774 272 3866 graduum,
300 3793 388 3864 qnos
410 3769 617 3842 Aristoteles
639 3785 805 3844 recenset.
857 3770 952 3843 Sunt
975 3774 1089 3843 enim·
1525 3775 1561 3862 Ι.
1577 3775 1723 3864 Ionae.

63 3875 258 3950 auditores
274 3871 462 3963 Evangelii
478 3873 738 3968 quadruplices.
791 3868 830 3967 1)
852 3869 928 3944 Alii
951 3889 1072 3946 amant
1237 3944 1243 3957 ,
1301 3945 1308 3958 ,
1364 3949 1370 3959 ,
1528 3950 1534 3964 ,
1853 3957 1859 3968 ,
1976 3961 1981 3974 Ι

62 3973 315 4065 Evangelium
360 3967 488 4070 ptiust,
536 3975 561 4048 i.
593 3999 622 4044 e.
653 3977 882 4062 naturaliter,
926 3977 965 4046 id
1001 3989 1071 4062 est,
1192 3943 1276 4070 Eqp
1297 3947 2004 4092 1111111111)’.μ’ίόεἷιι111ἈῖωξιὛ1ῒ111111
2024 3963 2113 4088 13011)

64 4083 237 4158 oderunt
256 4077 400 4147 vincula
416 4077 533 4167 legum
556 4089 592 4147 et
605 4077 906 4162 ceremoniarum,
931 4093 965 4149 et
987 4103 1072 4148 con·
1225 4081 1286 4139 191·
1304 4101 1331 4156 p.
1344 4085 1388 4142 35.
1405 4095 1431 4140 u
1450 4087 1478 4143 in
1497 4091 1559 4150 cot
1578 4089 1741 4148 Guntot.
1762 4046 1870 4166 ..sla
2004 4071 2011 4086 ’
2059 4053 2113 4087 ⁰'

65 4199 125 4258 tra
145 4193 274 4252 amant
294 4179 505 4250 laxationem
525 4177 750 4270 disciplinac;
776 4202 886 4272 quare
902 4203 982 4250 cum
999 4180 1073 4250 exi-

65 4288 245 4365 stimant,
270 4277 457 4370 Evangelii
472 4279 671 4350 doctrinam
691 4304 764 4349 esse
780 4295 911 4352 rectam
927 4297 961 4354 et
976 4305 1074 4353 com-

66 4383 305 4484 pendiariam
327 4383 420 4452 viam
440 4384 486 4451 ad
511 4382 742 4453 obtinendam
764 4382 962 4464 licentiam,
985 4407 1074 4477 quae
1126 4353 1172 4447 S·
1197 4373 1244 4449 D·
1295 4371 1658 4449 Aluanlmolllwm
1674 4379 1844 4480 Ducem¹)
1865 4381 2035 4466 Auitum,
2059 4388 2115 4457 cui

64 4489 201 4564 omnia
221 4507 328 4554 onera
345 4483 494 4570 excutit,
518 4484 673 4577 quodam
692 4508 793 4554 caeco
810 4485 929 4555 studio
952 4486 1075 4555 seruo·
1129 4479 1319 4570 pingebant
1347 4480 1537 4551 dormienti
1563 4483 1742 4554 fortunam
1767 4485 1915 4578 implere
1933 4481 1961 4580 ²)
1991 4488 2118 4558 insulis

64 4591 370 4666 turadamorem
383 4581 584 4675 Evangelii.
635 4583 695 4658 Ad
709 4582 805 4656 hunc
824 4586 980 4678 primum
997 4611 1075 4678 gra-
1129 4595 1164 4652 et
1187 4583 1337 4654 urbibus
1360 4583 1467 4668 retia,
1501 4609 1704 4679 quanquam
1729 4587 1892 4680 inprimis
1914 4588 2118 4661 fortunatus

63 4699 163 4768 dum
180 4683 430 4784 collocanda⁴)
456 4701 508 4758 est
527 4687 679 4758 maxima
699 4711 782 4782 pars
804 4685 963 4784 vulgi⁸),
986 4712 1077 4783 quae
1130 4681 1366 4782 videretur³),
1392 4699 1509 4756 tamen
1532 4688 1629 4757 domi
1645 4689 1846 4758 audientem
1861 4687 2022 4760 Platonis
2044 4715 2116 4762 ser.-

1130 4811 1255 4857 mones
1278 4789 1464 4858 denatura
1486 4803 1520 4858 et
1546 4789 1659 4859 causis
1675 4789 1866 4860 multarum
1888 4815 2030 4876 rerum,
2056 4796 2117 4862 de-

1131 4889 1285 4980 plorasse
1300 4913 1399 4960 suem
1415 4890 1694 4971 inloelicitatem,
1721 4892 1817 4984 quod
1833 4891 1941 4962 vitam
1957 4894 1995 4960 in
2011 4893 2119 4964 illite-

104 5019 136 5084 1)
156 5009 239 5065 ttaec
261 5005 343 5058 versa
366 5001 578 5058 innodatos.
602 5020 659 5056 non
678 5001 821 5084 teganus,
844 5013 871 5084 5¹
886 5005 1078 5125 praetermissa
1131 4991 1216 5063 ratis
1238 4992 1532 5084 occupationibus
1548 5005 1681 5082 ageret,
1713 4989 1899 5062 Platonem
1916 5018 1999 5065 vero
2019 5021 2119 5087 prae-

142 5080 280 5135 videntur
298 5083 457 5145 propterea,
477 5072 551 5142 qood
570 5071 615 5125 illa
637 5069 794 5152 deliberatio
814 5073 850 5124 tlu
869 5090 884 5125 s
900 5085 1007 5152 'scnptu
1026 5085 1077 5141 est,

144 5139 520 5282 :lffiollleeeiligboiigeiriil
537 5139 661 5196 babetur.
698 5140 814 5194 Videtur
832 5139 907 5212 loqur
925 5142 959 5195 de
976 5142 1078 5198 Reior-

102 5309 136 5378 2)
153 5294 330 5358 Diem'cod.
347 5291 431 5348 Goth.
453 5309 511 5345 nou
529 5290 622 5346 babet.
1166 5293 1195 5363 v)
1215 5289 1339 5348 latebat?

104 5395 139 5463 8)
162 5387 244 5442 llaec
261 5389 367 5435 tanturn
386 5376 416 5434 ie
433 5377 497 5434 cod.
515 5375 628 5434 Monac·
647 5377 795 5434 adduntur.
1169 5381 1196 5448 1)
1213 5379 1322 5433 Ducem
1340 5375 1405 5430 Per.
1424 5393 1481 5430 non
1499 5375 1587 5432 babet.

104 5483 139 5549 ⁴)
162 5466 243 5529 (ξοδ.
261 5467 403 5521 eottaada.
1168 5467 1196 5534 2)
1215 5459 1343 5531 implere]
1363 5459 1428 5515 Pes.
1449 5461 1568 5518 mttere.

107 5571 145 5642 5)
170 5555 249 5616 cot.
267 5555 372 5622 vulgus.
530 5577 535 5584 ·
1173 5547 1200 5618 Β)
1220 5549 1374 5610 cauetur]
1394 5545 1457 5599 cod.
1471 5543 1556 5600 Gotlt.
1572 5545 1632 5602 191.
1649 5557 1720 5602 erat.

1325 5611 1406 5692 to*

1456 4238 1593 4315 Iusto
1626 4241 1782 4318 Ionae.

46 4869 291 4902 ·......---
