4864 6244
111 355 183 432 tot
690 328 1131 415 urtsuouttttunt
1181 328 1290 414 utu.
1317 328 1385 413 lX.
1413 327 1569 411 ’10οᾶ
2083 333 2159 410 002

112 523 310 658 Q,
923 533 928 541 ·
990 511 1045 594 (h.
1061 515 1111 597 t.)
1158 504 1284 627 plicet,
1311 519 1346 577 te
1363 529 1438 579 uon
1458 509 1659 600 protectum
1680 527 1753 578 esse
1776 509 1822 580 ad
1841 507 1943 580 illam
1955 506 2157 580 contentio-

1159 630 1243 679 nem
1257 611 1470 683 insuavem*
1484 607 1531 710 ²).

974 609 1110 640 Nm

517 717 688 808 Eidem.

185 889 225 948 Er
237 885 393 962 apographo
406 884 434 940 in
449 882 512 942 eoa.
523 877 619 938 Bavari
634 899 663 956 p.
677 877 752 936 1070.
770 875 840 932 edita
856 891 872 931 a
887 871 975 930 Dans.
995 887 1039 942 ep.
1051 863 1113 940 46„
1151 903 1155 908 -

216 977 292 1016 nunc
308 978 338 1014 er
353 956 415 1016 eod.
432 953 494 1012 cod.
509 951 653 1023 descripta.
1171 945 1239 1022 No·
1254 944 1366 1024 3232·
2002 963 2062 1025 28·
2077 949 2135 1018 lul·

1168 1048 1382 1084 Μ
1979 1046 2153 1077 Μ

269 1113 361 1188 Dm.
379 1111 480 1186 Dor.
500 1106 545 1184 N
551 1107 567 1180 i
575 1104 710 1180 aolao
726 1098 956 1176 Mittere.
1438 1101 1591 1188 Ioattit.
1618 1100 1883 1190 Camerariu.

118 1253 162 1344 S.
191 1265 236 1344 D.
295 1243 421 1358 Legali
443 1253 716 1334 Brunsvicensis
739 1251 893 1325 Senatus
918 1247 1025 1319 nobis
1056 1267 1116 1314 ex·
1232 1261 1317 1336 Epio.
1337 1261 1371 1320 ..1
1387 1262 1527 1320 camerae.
1544 1281 1571 1332 p.
1587 1261 1638 1318 ⁵28
1658 1284 1700 1336 ,sp
1720 1265 1774 1333 (ed.
1789 1261 1877 1320 tout.
1894 1260 1941 1318 nb·
1955 1259 2004 1316 w·
2020 1280 2061 1334 ep.
2076 1259 2162 1330 5733·

118 1382 312 1470 posuerant
333 1368 434 1438 aulae
462 1383 683 1456 responsum.
737 1349 890 1426 Etcum
915 1351 1010 1444 ipsos
1035 1369 1115 1416 cum
1190 1346 1195 1363 '

120 1477 242 1569 aliquo
267 1471 390 1542 dolore
412 1463 499 1538 haec
523 1464 661 1533 adferre
677 1479 846 1554 responsa
862 1447 1117 1524 animadverti-

120 1601 221 1662 mus,
237 1589 313 1647 tum
331 1595 416 1641 vero
430 1582 464 1639 ct
478 1589 543 1636 nos
560 1563 760 1648 doluimus,
782 1572 817 1629 te
832 1555 951 1650 potius
966 1551 1117 1621 inillam

122 1675 351 1754 solitudinem
367 1670 516 1754 abduci,
539 1689 645 1761 quam
660 1665 698 1732 in
713 1663 956 1758 frequentiore
973 1651 1116 1724 ecclesia
1165 1624 1223 1720 S..
1236 1647 1281 1725 D.
1332 1645 1469 1721 Laseii
1479 1651 1665 1723 tabellario
1680 1651 1888 1723 Protenieas
1905 1654 2012 1723 etiam
2025 1653 2161 1725 litteras

120 1778 268 1854 versari.
312 1770 383 1846 Sed
398 1771 482 1843 audi
499 1781 671 1864 quantum
688 1765 845 1836 studium
861 1784 941 1852 erga
958 1772 992 1829 te
1007 1755 1052 1826 sit
1068 1753 1119 1824 cl·
1167 1752 1270 1838 dedi,
1292 1773 1380 1844 quas
1400 1777 1446 1824 an
1468 1753 1642 1847 acceperis
1659 1755 1747 1824 scire
1763 1755 1878 1846 cupio.
1930 1753 2020 1826 Nam
2044 1755 2162 1848 ipsum
2240 1755 2247 1768 '

122 1881 243 1954 vitatis
261 1877 375 1950 istius.
403 1864 549 1964 'Legati
563 1869 750 1953 dixerunt,
774 1891 811 1935 se
834 1877 909 1937 toto
930 1885 1026 1932 anno
1045 1883 1119 1930 ser·
1168 1857 1257 1932 istuc
1279 1853 1511 1926 Prntenicum
1539 1858 1714 1928 nuncium
1745 1857 1866 1943 mitto,
1899 1859 1963 1950 qui
1992 1857 2094 1928 affert
2120 1861 2164 1928 de

120 1971 551 2054 vaturostibiessehuuc
570 1973 687 2044 locum
707 1967 896 2060 integrum.
945 1957 1120 2034 Fortassis
1168 1955 1371 2028 scholarum
1400 1959 1612 2029 testimoniis
1639 1983 1755 2028 meam
1785 1947 2052 2052 responsionem
2082 1962 2164 2032 bre.

121 2103 264 2177 tempus
287 2081 352 2152 tibi
376 2080 563 2161 concedet,
589 2089 629 2146 ut
651 2075 694 2144 ad
719 2095 779 2143 eos
805 2068 1025 2157 commigres.
1078 2059 1120 2132 ln
1169 2085 1247 2129 vem
1270 2052 1487 2151 quidem*),
1519 2064 1581 2129 sed
1610 2061 1902 2152 occupationibus
1929 2063 2017 2131 meis
2046 2063 2165 2132 danda

121 2177 319 2269 Matthia,
344 2181 552 2276 praesertim
570 2179 645 2248 sine
662 2175 863 2246 studiorum
883 2169 1006 2252 sociis,
1033 2187 1121 2259 qua·
1169 2176 1220 2232 est
1233 2162 1349 2235 venia.
1376 2176 1410 2232 et
1427 2161 1630 2231 videremur
1647 2157 1705 2232 ἐπὶ
1722 2167 1826 2258 φακῇ
1843 2163 1976 2255 μῦθον
1999 2165 2166 2236 institue.

121 2291 169 2360 lis
201 2287 274 2358 vita
306 2284 352 2357 sit
385 2285 525 2366 lutura,
567 2279 767 2372 prospicere
797 2288 830 2345 te
857 2273 929 2342 iarn
955 2267 1121 2339 arbitror.
1169 2289 1226 2348 re,
1261 2263 1291 2331 si
1319 2263 1356 2332 in
1381 2256 1448 2333 boc
1470 2275 1677 2354 argumento
1705 2264 1882 2353 longiores
1905 2287 2069 2338 essemus.
2127 2266 2168 2337 Si

114 2391 198 2466 sed
227 2404 347 2462 tamen
376 2383 619 2456 misericordia
640 2371 861 2472 Dominae¹)
884 2395 1050 2456 moveor,
1082 2381 1123 2437 ut
1171 2367 1286 2460 placet
1309 2364 1514 2458 responsio,
1548 2365 1783 2450 subscribito,
1817 2379 1879 2436 aut
1901 2380 1998 2436 tuam
2023 2380 2168 2438 senten.

119 2493 245 2564 minus
260 2482 518 2583 reprehendam
542 2482 730 2554 consilium
748 2480 805 2550 vel
819 2485 937 2560 tuum,
962 2471 1021 2544 vel
1039 2469 1124 2540 illu-
1171 2470 1280 2552 tiam,
1305 2493 1412 2564 quam
1427 2468 1544 2552 voles,
1571 2465 1706 2558 prolixe
1720 2467 1904 2558 explicatu.
1955 2463 2056 2538 Nihil
2073 2470 2169 2538 enim

123 2621 227 2682 rum,
257 2594 377 2688 quite
407 2587 603 2659 Dominam
633 2583 736 2677 sequi
766 2582 969 2650 volucrunt.
1026 2571 1125 2644 Deus
1172 2571 1238 2654 tibi
1258 2570 1470 2661 praescribo.
1510 2567 1552 2640 si
1568 2569 1682 2662 placet
1698 2568 1999 2641 etiamScaevolas
2014 2583 2047 2639 et
2060 2569 2169 2662 Papi-

123 2713 291 2772 aeternus
308 2707 408 2788 pater
419 2689 568 2762 Domini
584 2687 699 2758 nostri
717 2683 795 2754 lesu
802 2677 956 2767 Christi,
981 2676 1045 2772 qui
1062 2676 1126 2744 ad·
1171 2668 1487 2747 nianusadbibeto.
1511 2667 1669 2764 Experto
1685 2687 1749 2744 ate
1763 2672 1949 2764 epistolam
1963 2673 2170 2762 longiuscu.

121 2804 245 2872 firmat
267 2820 304 2868 se
328 2817 401 2866 esse
424 2791 542 2864 Deum
566 2789 802 2863 contritorum
825 2798 859 2854 et
882 2805 963 2852 cum
986 2777 1126 2850 miseris
1174 2777 1264 2860 lam,
1290 2799 1371 2846 cum
1386 2797 1449 2865 ego
1464 2774 1821 2868 fortassisaliquanto
1841 2775 2046 2866 occupatior
2062 2799 2171 2869 quam

122 2899 307 2986 babitare,
332 2897 424 2969 adsit
437 2895 553 2968 nobis.
603 2881 925 2963 Bencvale1546.
1174 2893 1232 2963 tu,
1259 2891 1353 2952 certe
1374 2877 1590 2950 imbecillior
1611 2890 1646 2947 et
1667 2877 1705 2950 io
1729 2875 1880 2950 dicendo
1902 2877 2055 2964 aridior,
2080 2890 2173 2950 totas

788 3021 829 3092 p·
848 3009 1077 3092 Melanthum
1174 2996 1293 3052 tamen
1322 2981 1491 3074 impleam
1521 2980 1679 3074 paginas.
1742 2975 1959 3072 Noribergac
1998 2981 2174 3073 expectari

1174 3082 1444 3178 Hieronymum
1466 3083 1589 3154 audio:
1617 3079 1718 3170 Quae
1733 3081 1870 3152 utinam
1891 3077 1989 3152 Deus
2011 3097 2174 3154 aeternus

228 3219 367 3311 Ductor
384 3205 562 3310 Cruciger
587 3213 762 3306 profectus
786 3221 837 3279 est
861 3207 904 3274 ad
930 3218 1033 3274 tuum
1051 3201 1127 3294 epi.
1175 3197 1275 3279 pater
1288 3183 1438 3256 Domini
1452 3183 1566 3253 nostri
1586 3179 1665 3250 lesu
1681 3175 1815 3254 Christi
1830 3183 1974 3272 coniugi
1996 3197 2029 3254 et
2051 3185 2174 3254 liberis

125 3297 1128 3418 scopum‚0radiunxitseeiincurrunDoctorMar.
1176 3288 1349 3362 restituat.
1401 3284 1500 3356 Bene
1517 3299 1552 3356 et
1566 3283 1717 3354 feliciter
1730 3284 1820 3358 vale.
1872 3282 2010 3373 Quinto
2027 3280 2174 3357 Calend.

114 3425 252 3514 ¹tinus,
271 3424 335 3522 qui
350 3421 548 3514 expatiatur
563 3415 674 3488 animi
691 3435 805 3484 causa.
856 3403 953 3478 Mihi
966 3431 1040 3480 non
1054 3405 1130 3476 dis-
1176 3385 1341 3478 Augusti.

1279 3533 1283 3540 ·
1840 3481 2122 3563 PhilMelanth.
2216 3583 2228 3594 ¹

2067 823 2149 836 ⁸*

1163 1410 1391 1490 Clarissimo
1416 1415 1493 1486 viro
1518 1413 1776 1489 eruditionem
1804 1413 1935 1487 virtute
1952 1414 2164 1513 praestanti

1190 1513 1440 1591 Iooclrimo
1465 1509 1587 1589 Cam.
1613 1515 1751 1595 Bamb.
1778 1517 1898 1590 amieo
1915 1541 1984 1590 suo
2007 1516 2137 1590 σαι-ὼε.

128 3631 151 3640 ι·-
158 3621 360 3637 ...ιιι-...ἁ

2003 3737 2169 3747 -μ--ι-ι

202 3741 334 3798 Attumen
347 3738 448 3794 aeterni
462 3755 520 3792 nou
530 3733 607 3792 fallet
621 3731 719 3790 iudicis
733 3731 816 3788 iram,

239 3809 340 3866 Abdita
353 3807 400 3880 qui
414 3806 486 3861 clare
499 3805 614 3860 crimina
629 3814 727 3856 cuneta
743 3800 825 3852 ridet.

203 3877 267 3934 Non
280 3879 393 3950 impune
408 3876 461 3932 Dei
475 3873 578 3948 poteris
592 3873 694 3929 violare
707 3869 866 3938 magistrum

240 3947 325 4007 Cuius
338 3967 387 4002 rou
400 3945 498 4001 Christi
512 3960 627 3998 munera
640 3959 736 4012 magna
748 3947 835 3994 sonat.
1191 3909 1260 3984 No·
1275 3907 1388 3980 8235.

204 4015 293 4072 Testis
307 4019 357 4071 erit
372 4033 450 4070 verax
464 4015 605 4068 Bueerum
619 4027 745 4082 spargere
762 4004 885 4062 Christus
1186 4005 1400 4042 Μ

241 4086 403 4170 Doctripum
416 4084 445 4138 in
461 4081 571 4166 pppuliu
584 4079 769 4162 reminupuru
783 4075 847 4129 Dei.
1517 4053 1563 4141 C·
1596 4055 1822 4140 Pannonio

208 4155 287 4228 Quae
301 4165 327 4212 te
339 4163 421 4226 rgrtur
434 4154 521 4208 iuriae
533 4167 659 4206 convicta
671 4149 762 4202 dicere
776 4154 892 4214 cogunt,
1824 4120 1835 4143 ⁰

238 4225 353 4280 Publica
365 4242 434 4298 quae
447 4231 559 4294 propter
574 4237 661 4290 poena
676 4215 772 4270 luenda
787 4213 882 4268 veuit!
1278 4199 1363 4274 Epist
1378 4198 1428 4258 lib.
1441 4199 1475 4257 V.
1489 4219 1517 4272 p.
1532 4197 1584 4255 285
1597 4217 1638 4274 aq.

205 4294 241 4351 Et
271 4311 409 4365 uunquam
422 4291 519 4346 interis
533 4291 647 4342 verboru
662 4285 778 4341 crimina
789 4283 856 4338 salua

266 4362 422 4436 egtesoque
437 4359 621 4416 resarsurum
634 4354 760 4428 pudenda
775 4354 844 4415 fide,
1232 4333 1300 4412 Cir
1312 4362 1331 4408 r
1341 4333 1528 4438 istupito
1538 4363 1587 4410 ro
1619 4331 1873 4412 Pannonio
1908 4349 1928 4436 (
1936 4333 2127 4438 Theologo

208 4433 272 4490 Non
287 4443 375 4488 tamen
390 4429 526 4502 ingratum
542 4437 581 4482 est
593 4427 699 4482 canitur
713 4421 786 4496 quod
801 4417 922 4476 carmine
937 4425 1024 4470 restro

243 4492 816 4558 aucmentumereremrrnenueo
1534 4436 1815 4541 storteford.)

209 4565 831 4706 “illllslv’stluelli‘ieliil‘elllililiiiii.l⁰“
1182 4555 1226 4647 S·
1254 4577 1300 4652 D.
1351 4577 1453 4666 Scio,
1476 4591 1510 4648 te
1532 4577 1572 4647 in
1591 4579 1744 4649 amicitia
1761 4576 1996 4650 constantiam
2014 4591 2049 4647 et
2072 4578 2176 4646 fldem
2216 4585 2223 4594 '

208 4709 303 4768 Hortis
314 4709 355 4763 ιῐο
368 4697 403 4764 vo'
424 4707 445 4760 is
459 4713 498 4758 ut
509 4703 648 4786 quondam
663 4699 750 4754 tactus
764 4698 886 4767 Adotsur
1183 4680 1413 4772 dignamviro
1430 4682 1525 4751 bono
1542 4703 1582 4750 ac
1597 4684 1701 4750 docto
1718 4679 1858 4752 virtutis
1873 4701 1992 4749 caussa
2007 4679 2178 4750 amicitias

210 4768 955 4920 Mz'ss',pffiffiffnsslssffi‘lqssiffiss',',¹,¹,¹ff,⁰g,l'e“1⁵5iam„
1184 4784 1321 4856 colente
1337 4795 1526 4877 praestare.
1562 4779 1647 4852 ldeo
1662 4804 1728 4851 nec
1746 4781 1967 4853 excusatione
1984 4779 2056 4866 illa,
2071 4807 2177 4876 quam

210 4917 273 5046 &tp
287 4915 372 4989 patria
386 4911 509 4968 clostra
522 4907 641 4992 poemia
654 4905 716 5028 effic
732 4903 815 4985 tutti.
1184 4910 1301 4980 nuper
1318 4885 1506 4980 scripsisti,
1531 4907 1621 4979 opus
1636 4883 1721 4968 luit,
1748 4905 1812 4952 nec
1827 4905 1891 4976 ego
1911 4883 2143 4978 requisieram
2158 4908 2177 4953 a

246 5001 413 5127 Affiffl
422 4985 667 5104 mffldffi:
679 4991 792 5098 „21:2¹⁸
806 4991 933 5030 aromo
1185 5001 1398 5110 properante
1421 4987 1512 5058 illud
1533 4985 1709 5071 cilicium,
1733 4985 1778 5054 dc
1801 5009 1872 5078 quo
1894 4985 2028 5059 scribis.
2087 4984 2179 5056 Diu-

1186 5107 1277 5180 trus,
1301 5117 1375 5162 rmo
1390 5111 1528 5182 semper
1546 5111 1612 5158 nos
1628 5109 1699 5157 una
1716 5109 1791 5156 esse
1806 5109 1908 5181 posse
1922 5088 2085 5180 optarim.

1995 3911 2046 3990 (h.
2059 3890 2176 3992 mose)

2000 4000 2171 4030 Μ

177 5181 206 5249 1)
226 5171 333 5230 Coniux
346 5163 492 5232 latebimi,
508 5159 694 5245 Marebiouis,
714 5175 795 5212 soror
814 5154 976 5218 Christiani.
996 5175 1010 5208 r
1044 5151 1139 5208 irDr·

212 5229 1025 5369 tltttttb'tt.'nt⁸.tt⁰„tdtttbtt'tttttat¹
1052 5241 1141 5278 Μ’

1222 5377 1461 5462 1)Ηαεοζὶοει
1476 5375 1609 5444 Crueiger
1621 5386 1674 5432 etu-
1691 5374 1812 5432 Damius
1827 5395 1885 5434 nou
1897 5374 1990 5434 edidit.
2009 5405 2043 5416 -
2078 5378 2122 5434 De
2133 5377 2182 5432 illo

1260 5459 1358 5501 rtrnere
1372 5446 1424 5500 ud.
1439 5465 1481 5517 ep.
1497 5445 1530 5500 ad
1546 5445 1654 5502 Gener.
1670 5442 1698 5500 tl·
1712 5445 1754 5502 26.
1769 5443 1822 5503 tut.

250 5547 275 5604 u
310 5539 498 5606 naama..
1227 5531 1260 5604 e,
1281 5534 1342 5590 vu.
1354 5553 1398 5607 ap.
1411 5531 1438 5591 a.
1452 5533 1478 5589 1.
1491 5533 1562 5605 ang.

142 5657 329 5724 utrum.
357 5648 463 5718 Orru.
514 5641 598 5710 voe.
624 5638 669 5707 V.
1363 5633 1413 5710 51

138 5453 372 5477 ..μ-ιιι·-
