4864 6244
102 351 169 428 aot
544 413 548 432 .
671 321 1111 428 sersro'nanum
1165 352 1277 426 orn
1311 353 1377 433 rx.
1430 355 1562 434 1545.
2069 365 2145 452 roe

102 551 207 623 quam
223 539 358 598 certum
375 537 427 596 est
442 525 510 595 iter
522 524 621 610 solis,
646 503 719 595 tani
734 537 830 597 certo
846 523 1097 594 existimabant
1152 524 1290 617 ingenti
1308 527 1433 600 dolore
1456 529 1602 602 dissidia
1627 528 1840 606 Germanica
1861 549 2075 629 spectamus,
2107 537 2147 610 in
2194 543 2198 546 ’

101 634 220 701 decem
236 631 351 702 tribus
367 625 486 710 lsrael,
507 650 544 697 se
556 629 597 696 in
613 628 831 719 possessione
847 627 982 722 patriae
996 649 1098 696 man·
1151 630 1283 722 quibus
1311 631 1356 700 ad
1379 645 1514 704 caetera
1533 635 1627 704 mala
1650 647 1685 706 et
1706 629 1775 706 hoc
1798 639 1950 724 accedit,
1975 652 2035 727 ut,
2060 640 2147 712 dum

100 755 200 804 suras
216 755 301 805 osse.
351 728 442 802 Erat
457 730 553 800 enim
575 731 669 800 edita
686 731 893 822 promissio,
919 743 955 801 et
974 728 1098 800 certis·
1150 733 1344 802 adversarii
1375 758 1479 804 verae
1511 736 1692 808 doctrinae
1719 740 1915 815 multorom
1945 742 2147 816 voluntates

101 835 200 906 simis
222 834 435 906 testimoniis
458 829 570 904 aDco
586 833 783 924 obsignata.
834 831 911 903 Hae
925 847 1043 903 tamen
1057 844 1099 902 ut
1150 834 1326 920 alienant,
1354 837 1461 906 etiam
1494 842 1614 909 minus
1642 843 1765 910 ornari
1778 861 1876 914 ’vera
1899 840 2076 930 Ecclesia,
2112 835 2147 918 et

102 935 271 1024 Troiani,
304 952 346 1008 ut
368 936 516 1020 Heneti,
550 948 591 1006 ut
611 928 761 1006 Paeonii
792 947 929 1005 veteres
951 946 986 1005 et
1007 934 1098 1004 aliae
1149 938 1251 1005 nervi
1269 937 1478 1029 disciplinae
1495 941 1614 1012 minus
1636 944 1806 1034 adstringi
1830 959 1994 1036 possunt,
2019 969 2146 1039 apau-

100 1041 380 1112 innumerabiles
393 1052 514 1130 gentes
537 1059 665 1128 magna
679 1061 720 1106 ex
740 1051 839 1129 parte
856 1052 941 1108 tunc
963 1037 1097 1108 deletae
1149 1039 1305 1110 cioribus
1326 1039 1386 1132 pia
1403 1041 1518 1112 studia
1537 1044 1723 1131 coluntur,
1754 1049 1859 1117 multi
1875 1045 2145 1142 ἐπιχαιρέκακοι

100 1157 204 1228 sunt,
230 1167 310 1214 cum
333 1143 495 1213 nondum
513 1139 668 1212 venisset
689 1141 884 1232 promissus
898 1138 1101 1224 Liberator,
1148 1140 1329 1212 licentiam
1346 1143 1524 1214 infinitam
1540 1150 1741 1218 concedunt
1754 1149 2070 1242 impudentissimis
2086 1175 2144 1246 sy-

100 1260 134 1318 et
157 1244 319 1339 reliquiis
347 1243 524 1333 dissipatis
549 1242 669 1312 coloni
692 1242 732 1310 in
761 1265 882 1312 earum
904 1241 1098 1333 possessio·
1148 1238 1335 1334 cophantis
1365 1260 1400 1317 et
1426 1247 1557 1317 scurris
1581 1250 1789 1334 cumulandi
1815 1248 2058 1344 blasphemias·
2080 1256 2144 1323 ad-

99 1372 182 1418 nem
198 1371 239 1418 ex
253 1348 332 1418 aliis
347 1346 511 1437 gentibus
522 1342 671 1416 deducti
686 1356 780 1418 sunt.
826 1341 927 1432 Quae
942 1363 1096 1432 parsor-
1147 1369 1271 1438 versus
1292 1343 1428 1433 Deum,
1454 1346 1618 1445 Denique
1643 1351 1682 1420 in
1712 1353 1880 1424 omnibns
1911 1355 2144 1428 dissensioni-

99 1451 156 1520 his
175 1464 352 1520 terrarum
373 1448 443 1518 fuit
464 1445 594 1516 cultior
616 1439 703 1516 Asia
723 1459 758 1515 et
774 1443 950 1516 Graecia?
1000 1441 1097 1514 Haec
1147 1447 1215 1518 bus
1230 1448 1395 1520 civilibus
1408 1472 1547 1542 semper
1563 1471 1782 1527 concurrunt
1792 1457 1898 1526 multi
1910 1479 2033 1546 graves
2046 1481 2143 1527 mor-

99 1553 165 1623 diu
179 1553 367 1644 praecipua
383 1547 565 1620 domicilia
588 1548 737 1617 fuerunt
751 1571 827 1616 non
842 1547 959 1616 solum
976 1545 1097 1615 litera·
1148 1548 1196 1620 bi.
1247 1548 1340 1620 Vere
1354 1553 1464 1642 igitur
1479 1553 1686 1648 etRespuh.
1706 1570 1742 1627 et
1756 1557 1872 1644 bonae
1887 1571 2023 1629 mentes
2037 1559 2144 1630 susti-

98 1679 181 1725 rum
204 1670 240 1727 et
255 1652 371 1726 civilis
392 1651 620 1744 disciplinae,
642 1651 701 1720 sed
722 1649 828 1720 etialn
844 1645 1096 1720 Ecclesiarum.
1147 1663 1236 1719 nent
1258 1653 1399 1724 dolores
1434 1657 1566 1726 similes
1597 1659 1883 1751 parturientium.
1943 1659 2064 1749 Quare
2096 1685 2142 1732 ne

94 1755 205 1827 Nunc
231 1751 353 1826 Asiam
385 1768 419 1826 et
442 1749 630 1824 Graeciam
649 1773 776 1842 magna
805 1775 847 1822 ex
869 1764 969 1843 parte
999 1761 1095 1852 tenet
1146 1753 1352 1843 frangamur
1376 1759 1620 1851 desperatione
1641 1777 1790 1854 propter,
1807 1787 2001 1854 regnorum
2019 1763 2143 1834 ruinas
2164 1781 2167 1786 “

93 1881 186 1950 gens
205 1857 388 1950 peregrina
406 1869 440 1926 et
457 1854 622 1924 immanis
640 1852 809 1935 Tuccica,
838 1854 963 1924 deletis
983 1866 1019 1925 et
1033 1876 1097 1923 ur·
1147 1867 1184 1926 et
1207 1854 1435 1929 dissidiorum
1459 1886 1665 1948 aerumnas,
1690 1881 1790 1958 saep'e
1813 1867 1942 1959 repetit
1956 1868 2043 1936 deus
2057 1889 2142 1957 pro-

90 1963 207 2030 bibus
232 1972 265 2029 et
286 1956 467 2031 Ecclesiis.
517 1955 567 2028 Et
588 1957 797 2048 impendent
812 1957 1024 2028 vastationes
1047 1956 1097 2025 si·
1146 1957 1352 2028 missionem
1379 1963 1424 2031 de
1446 1967 1618 2034 servanda
1634 1963 1812 2048 Ecclesia,
1837 1981 1880 2038 ut
1893 1971 1987 2061 apud
2000 1965 2142 2043 Esaiam
2227 1993 2232 2004 ·

88 2062 202 2132 miles
217 2062 256 2130 in
272 2061 409 2154 reliqua
423 2057 580 2150 Europa.
652 2097 659 2104 ·
1146 2059 1278 2152 inquit:
1307 2057 1375 2132 hoc
1388 2064 1515 2135 foedus
1528 2091 1648 2138 meum
1664 2093 1744 2138 cum
1766 2071 1833 2155 eis,
1860 2071 1946 2141 dicit
1962 2071 2143 2154 dominus,

201 2161 300 2233 Haec
318 2162 453 2233 excidia
475 2161 506 2230 si
522 2161 602 2254 quis
621 2160 767 2250 ignarus
782 2160 965 2231 doetrinae
981 2158 1096 2229 coele-
1145 2161 1291 2252 spiritus
1306 2187 1405 2233 meus
1422 2167 1484 2258 qui
1500 2181 1551 2236 est
1564 2168 1603 2236 in
1619 2181 1673 2253 te,
1697 2184 1732 2240 et
1746 2174 1853 2242 verba
1871 2197 1948 2242 mea
1965 2197 2056 2267 quae
2075 2197 2141 2266 po-

93 2263 159 2334 stis
177 2265 364 2356 adspiciat,
390 2265 559 2348 miretur,
584 2263 673 2356 quid
692 2263 835 2333 intersit
858 2263 952 2332 inter
967 2259 1093 2331 Eccle-
1146 2263 1201 2332 sui
1224 2264 1264 2332 in
1284 2288 1346 2334 ore
1366 2278 1449 2352 tuo,
1475 2291 1550 2336 nou
1572 2272 1737 2340 recedent
1757 2274 1880 2343 abore
1897 2289 1980 2360 tuo,
2006 2298 2071 2344 nec
2097 2276 2142 2344 ab

94 2367 188 2438 siam
214 2367 271 2458 dei
300 2380 334 2436 et
356 2367 451 2436 inter
475 2377 627 2434 caeteras
647 2377 784 2452 gentes,
816 2387 857 2433 ac
879 2387 998 2432 secum
1021 2363 1095 2454 ipse
1144 2389 1207 2434 ore
1220 2365 1365 2436 seminis
1388 2368 1462 2454 tui,
1486 2372 1652 2463 usquein
1666 2373 1932 2464 sempiternum.
1983 2374 2061 2446 Hac
2075 2399 2142 2447 nos

94 2483 244 2564 querat,
275 2492 355 2538 cum
380 2469 507 2538 ruinae
535 2466 669 2535 similes
693 2466 767 2536 sint
787 2465 949 2536 omnium
966 2488 1095 2569 regno·
1145 2467 1348 2539 dulcissima
1364 2471 1609 2542 consolatione
1624 2487 1878 2558 sustentemus,
1899 2490 1934 2546 et
1950 2499 2142 2568 speremus,

93 2597 199 2656 rum,
232 2569 323 2641 sitne
344 2593 424 2662 pars
449 2568 568 2662 aliqua
589 2561 739 2640 humani
764 2567 903 2657 generis
926 2568 993 2637 deo
1017 2567 1095 2659 pla·
1144 2594 1348 2642 mansuram
1371 2595 1445 2644 esse
1458 2569 1654 2646 Ecclesiam
1670 2576 1728 2646 dei
1750 2601 1825 2648 non
1839 2578 1955 2650 solum
1969 2580 2064 2648 inter
2084 2603 2142 2649 re-

93 2697 200 2759 cens,
221 2687 255 2744 et
270 2697 360 2767 qnae
373 2685 516 2763 regatur
537 2683 572 2741 et
584 2683 744 2740 servetur
759 2670 953 2756 divinitus,
977 2693 1018 2739 ae
1030 2669 1095 2739 ubi
1143 2697 1297 2762 gnomm
1308 2674 1450 2760 ruinas,
1470 2678 1531 2746 sed
1546 2678 1686 2750 etiamsi
1701 2681 1833 2750 fractus
1848 2681 2018 2752 illab'atur
2031 2680 2141 2766 orbis.

92 2777 162 2862 sit,
191 2789 225 2846 et
246 2801 336 2870 quae
356 2775 426 2847 sit?
455 2772 543 2842 »His
563 2771 838 2864 cogitationibus
852 2772 983 2842 multos
996 2795 1093 2842 nunc
1142 2771 1192 2847 Et
1216 2770 1283 2846 hac
1308 2800 1369 2868 spe
1388 2777 1511 2849 literas
1536 2794 1572 2850 et
1595 2782 1794 2853 doctrinam
1818 2806 1839 2852 a
1871 2783 1939 2855 deo
1972 2784 2142 2858 traditam
2195 2779 2198 2788 ’

91 2901 241 2974 quoque
257 2879 411 2950 exerceri
426 2876 597 2946 credibile
613 2887 685 2959 est,
704 2899 785 2945 cum
802 2877 904 2969 quasi
918 2875 1019 2946 fatali
1036 2875 1094 2943 in·
1143 2891 1306 2949 tueamur
1321 2903 1360 2949 ac
1378 2904 1630 2974 propagemus,
1656 2909 1747 2978 quae
1763 2884 1837 2976 ipsa
1856 2885 2061 2980 ubicunque
2083 2911 2141 2956 re-

91 2982 223 3052 cendio
246 2982 357 3052 multa
380 2980 497 3051 vicina
522 3001 630 3068 regna
660 2977 731 3047 iam
755 2979 972 3069 conflagrare
993 2978 1095 3048 vide-
1143 2994 1197 3051 cte
1212 2994 1333 3067 sonat,
1356 2982 1409 3052 ibi
1432 3009 1515 3055 vere
1529 2982 1725 3058 Ecclesiam
1745 2988 1804 3057 dei
1820 3011 1895 3058 esse
1911 2988 2080 3072 sciamus,
2105 3002 2140 3058 at

89 3107 188 3157 mus.
239 3082 293 3153 Ne
315 3098 433 3155 autem
456 3096 603 3175 propter
624 3076 716 3152 hanc
732 3081 949 3151 excidiorum
965 3079 1094 3150 simili·
1142 3107 1261 3154 veram
1278 3082 1541 3155 invocationem
1559 3102 1593 3158 et
1615 3089 1685 3158 alia
1702 3090 1761 3181 pia
1777 3090 1893 3160 officia
1908 3113 2142 3162 exerceamus·

92 3188 262 3258 tudinem
288 3181 451 3256 homines
473 3185 675 3255 existiment
693 3206 776 3256 casu
789 3185 911 3254 omnia
923 3183 1027 3269 ferri,
1051 3205 1092 3252 ac
1141 3181 1192 3256 Et
1216 3208 1420 3280 quanquam
1443 3188 1593 3260 deemnt
1615 3191 1788 3280 praesidia
1814 3186 1991 3272 humana,
2024 3206 2142 3262 tamen

89 3290 236 3360 nullam
251 3303 387 3382 partem
412 3288 550 3380 generis
569 3281 718 3357 humani
739 3309 814 3355 esse
830 3298 1009 3356 aeternam
1035 3284 1094 3353 dei
1141 3283 1252 3357 aDeo
1263 3300 1407 3357 aeterno
1422 3304 1521 3379 patre
1538 3292 1675 3360 domini
1692 3292 1807 3362 nostri
1823 3290 1903 3364 lesu
1913 3289 2060 3378 Christi,
2078 3293 2141 3387 qui

87 3389 311 3474 Ecclesiam,
338 3393 422 3462 inde
438 3413 551 3482 usque
565 3391 611 3459 ab
625 3388 728 3457 initio
746 3389 833 3456 deus
848 3387 967 3456 erudit
987 3386 1092 3456 audi·
1142 3411 1178 3458 se
1193 3389 1297 3460 editis
1312 3401 1366 3460 tot
1381 3391 1678 3480 promissionibus
1693 3395 1872 3485 patefecit,
1897 3397 2140 3467 defensionem

87 3508 190 3564 tores
211 3515 292 3561 suos
309 3516 395 3560 voce
409 3486 670 3581 Prophetarum
682 3489 728 3557 de
743 3487 947 3558 discrimine
962 3511 1092 3578 regno·
1144 3505 1305 3583 petamus
1325 3504 1359 3560 et
1374 3507 1604 3583 expectemus.

84 3619 172 3668 rum
191 3607 226 3663 et
242 3617 346 3662 verae
360 3588 550 3664 Ecclesiae.
590 3590 761 3662 Patefecit
779 3613 815 3660 se
829 3590 926 3661 Deus
941 3590 1093 3660 illustri·
1236 3590 1287 3663 Ut
1308 3607 1426 3662 autern
1452 3590 1574 3664 dehis
1603 3571 1766 3668 maximis
1789 3599 1913 3684 rebus,
1948 3601 1990 3668 de
2014 3599 2141 3670 discri-

84 3701 160 3770 bus
177 3693 411 3776 testimoniis,
439 3709 473 3765 et
491 3695 667 3780 ostendit,
697 3695 877 3787 quomodo
897 3693 1040 3783 agnosci
1058 3707 1092 3763 et
1141 3693 1239 3763 mine
1254 3693 1487 3788 imperiorum
1509 3711 1543 3768 et
1558 3696 1737 3770 Ecclesiae
1758 3701 1834 3786 dei,
1861 3702 1905 3770 de
1919 3703 2052 3786 causis,
2076 3725 2142 3772 cur

84 3797 256 3870 invocari
284 3795 381 3870 velit.
441 3794 628 3881 Testatur,
655 3818 692 3867 se
725 3794 829 3866 irasci
861 3810 1023 3889 peccato,
1057 3809 1092 3869 et
1141 3791 1238 3866 Deus
1255 3796 1403 3891 imperia
1419 3813 1453 3870 et
1476 3813 1567 3872 totas
1583 3815 1702 3892 gentes
1716 3803 1847 3884 deleat,
1875 3805 1921 3872 de
1938 3806 2046 3873 modo
2065 3825 2141 3876 ser-

83 3925 167 3972 non
184 3898 301 3969 solum
317 3899 610 3971 comminationes
624 3898 790 3984 tradidit,
805 3898 866 3968 sed
882 3898 989 3968 etiam
1002 3921 1092 3992 quo·
1141 3899 1279 3970 vandae
1296 3897 1494 3988 Ecclesiae,
1517 3905 1562 3973 de
1576 3902 1783 3975 discrimine
1798 3929 1900 3976 verae
1909 3902 2090 3976 Ecclesiae
2105 3919 2139 3978 et

85 4004 181 4077 tidie
198 4002 396 4096 tristissima
419 4003 578 4093 exempla
596 4000 757 4072 omnium
775 3996 962 4070 hominum
979 4001 1091 4071 oculis
1141 4016 1262 4073 coctus
1278 4003 1467 4096 pontificii,
1492 4007 1555 4100 qoi
1575 4006 1644 4077 sibi
1660 4022 1805 4100 propter
1826 4031 1977 4096 regnum
2000 4020 2140 4098 arrogat

85 4105 285 4200 proponit,
309 4106 424 4189 bella,
448 4103 683 4189 vastationes,
706 4127 829 4188 neces,
855 4117 890 4174 et
910 4103 1093 4174 calamita·
1142 4127 1276 4173 nomen
1290 4101 1490 4194 Ecclesiae,
1513 4111 1559 4180 dc
1574 4106 1734 4179 veraDei
1747 4110 1991 4196 invocatione,
2017 4111 2062 4180 de
2078 4133 2139 4182 ve-

85 4221 138 4280 tes
157 4207 331 4282 infinitas.
378 4203 518 4279 Rursus
534 4208 639 4277 etiam
655 4207 767 4277 edidit
781 4205 1033 4300 promissiones
1048 4206 1091 4276 de
1141 4205 1191 4276 ris
1212 4207 1388 4294 cultibus,
1414 4211 1460 4280 de
1483 4211 1537 4281 ira
1558 4212 1614 4282 dei
1634 4227 1669 4283 et
1680 4212 1992 4293 reconciliatione,
2018 4213 2063 4282 de
2078 4235 2138 4282 ae·

82 4312 293 4401 colligenda
322 4324 357 4382 et
375 4311 547 4382 servanda
570 4306 726 4380 Ecclesia
748 4325 929 4403 perpetua.
986 4307 1093 4382 Delet
1141 4309 1252 4379 ternis
1268 4310 1392 4401 poenis
1410 4325 1445 4384 et
1462 4313 1629 4404 praemiis
1643 4337 1709 4384 nos
1724 4327 1818 4384 recte
1831 4316 2055 4400 erudiamus,
2070 4313 2140 4403 legi

84 4413 201 4505 igitur
230 4426 350 4502 gentes
378 4427 415 4484 et
442 4424 558 4484 mutat
595 4411 744 4503 imperia
775 4426 921 4505 propter
951 4413 1091 4482 furores
1141 4408 1403 4505 Prophetarum
1426 4428 1461 4485 et
1475 4411 1730 4508 Apostolorum
1753 4418 1883 4510 scripta
1900 4419 1987 4488 deus
2002 4416 2137 4508 praeci-

84 4515 306 4610 impiorom,
339 4516 402 4611 qni
422 4515 604 4586 emendari
625 4515 772 4602 nolunt3
807 4529 843 4586 et
862 4515 1015 4606 excerpit
1037 4529 1091 4588 ta·
1141 4514 1204 4605 pit.
1256 4515 1528 4587 Acdulcissime
1550 4519 1684 4590 dictum
1704 4533 1755 4590 ost
1772 4520 1810 4588 in
1824 4517 1985 4590 Psalmo:
2012 4519 2052 4586 in
2067 4513 2139 4588 Ec-

83 4643 171 4688 men
194 4620 238 4690 in
261 4614 317 4688 his
341 4620 426 4712 ipsis
454 4619 698 4690 eversionibus
719 4619 951 4711 imperiorum
967 4615 1090 4690 Eccle-
1141 4615 1257 4686 elesiis
1290 4617 1489 4690 benedicite
1522 4619 1701 4708 Domino,
1740 4621 1785 4690 de
1822 4622 1982 4692 fontibus
2017 4617 2138 4694 lsrael.

83 4721 198 4806 siam,
229 4745 335 4814 quam
357 4743 419 4792 sua
444 4745 553 4792 manu
577 4721 682 4811 tegit,
708 4736 742 4793 et
763 4721 851 4792 alias
876 4721 963 4791 alibi
979 4721 1090 4792 collo·
1139 4715 1361 4790 Deducimur
1382 4723 1426 4792 ad
1445 4723 1562 4792 fontes
1580 4721 1708 4808 lsrael,
1733 4723 1856 4808 idest,
1881 4724 1925 4792 ad
1941 4715 2137 4813 Prophetas

82 4837 159 4909 cat,
196 4835 235 4892 et
259 4848 350 4917 quae
385 4825 430 4895 sit
459 4825 580 4910 docet,
611 4847 737 4916 nempe
761 4849 833 4920 quo
854 4821 1090 4914 Evangelium
1139 4835 1174 4892 et
1194 4817 1406 4913 Apostolos,
1438 4821 1495 4894 Ex
1516 4819 1573 4894 his
1596 4821 1739 4895 haurire
1761 4823 1927 4895 iubemur
1948 4849 2069 4896 veram
2091 4826 2137 4893 de

82 4951 168 4998 vere
185 4926 416 5017 amplectitur
431 4938 465 4998 et
479 4939 571 4997 recte
587 4939 703 4999 sonat.
1140 4925 1206 4994 deo
1230 4925 1450 5012 doctrinam,
1481 4923 1540 4998 Ab
1558 4922 1615 4998 his
1639 4928 1850 4997 discendum
1878 4941 1947 5011 est,
1980 4927 2061 5020 quis
2091 4925 2138 4996 sit

188 5027 266 5098 Nec
287 5055 372 5098 vero
394 5029 471 5099 lieri
493 5042 624 5122 potest,
651 5028 739 5123 qoin
763 5028 879 5098 ruinis
896 5051 1087 5120 regnorum
1138 5050 1220 5096 vere
1244 5028 1352 5113 deus,
1385 5042 1419 5099 et
1441 5031 1621 5120 quomodo
1642 5029 1865 5099 invocandus
1888 5029 1951 5114 sit,
1984 5029 2137 5123 quaesit
2223 5049 2227 5056 ’

80 5141 274 5224 quassatae
295 5127 472 5201 Ecclesiae
497 5133 601 5202 etiam
627 5132 765 5201 duriter
789 5132 1023 5221 adfligentur,
1049 5145 1089 5202 ut
1138 5152 1221 5201 vera
1243 5131 1303 5200 dei
1320 5128 1500 5216 Ecclesia,
1537 5145 1571 5202 et
1593 5133 1775 5224 quomodo
1799 5144 1942 5220 regatur
1962 5144 1996 5200 et
2019 5155 2137 5200 serve-

81 5227 144 5303 hic
169 5234 250 5326 ipse
271 5231 405 5303 Hoseas
435 5233 568 5325 inquit:
604 5235 745 5304 dolores
768 5234 998 5326 parturientis
1027 5257 1088 5303 ve·
1137 5247 1208 5305 tur.
1234 5229 1405 5302 Amemus
1423 5233 1532 5323 igitur
1548 5228 1612 5302 hos
1625 5234 1742 5305 fontes
1756 5231 1882 5318 lsrael,
1902 5233 2021 5326 eisque
2037 5233 2136 5302 frua-

82 5337 192 5408 nient
214 5336 260 5404 ei.
311 5334 457 5424 Quanto
481 5358 579 5406 nunc
599 5338 637 5406 in
655 5337 779 5406 dolore
802 5349 839 5408 et
859 5337 958 5407 luctu
978 5334 1087 5406 multi
1137 5355 1324 5420 mnr,nec
1345 5336 1591 5427 permittamus
1614 5336 1752 5427 ignavi,
1774 5349 1815 5408 ut
1829 5335 1987 5406 obiectae
2004 5336 2049 5404 ab
2066 5335 2136 5402 im-

82 5453 168 5510 sunt
193 5452 393 5530 spectantes
420 5435 592 5509 Graeciae
616 5437 844 5510 servitutem!
896 5435 1009 5509 Fiunt
1022 5460 1086 5508 an·
1136 5437 1205 5530 piis
1226 5437 1339 5507 moles
1373 5439 1561 5510 obstruant
1582 5462 1658 5520 eos,
1690 5454 1752 5510 ant
1782 5438 1953 5510 iniectum
1982 5447 2133 5508 coenum

81 5543 262 5629 gustiores
282 5553 316 5612 et
338 5541 573 5636 squalidiores
587 5537 776 5617 Ecclesiae.
826 5539 900 5616 Nec
921 5563 988 5612 nos
1010 5540 1086 5636 sine
1135 5553 1340 5634 corrumpat
1366 5565 1444 5628 eos,
1476 5534 1546 5612 hoc
1568 5553 1639 5630 est,
1672 5540 1914 5635 perficiamus,
1947 5551 1987 5612 ut
2017 5550 2134 5628 extent
