4782 6256
72 349 137 430 tts
642 345 1076 432 urtsrohdttttnt
1134 345 1239 428 LtB.
1270 346 1336 426 ltt.
1389 347 1522 426 tata.
2033 333 2109 416 ill

68 525 128 594 bus
149 533 186 592 et
205 520 304 593 vitae
326 519 561 618 animantium
583 525 777 610 conducat,
816 522 866 595 sic
890 521 1061 615 imperio-
1112 519 1304 611 cupiditate
1328 517 1382 590 tui
1403 517 1570 606 videndi,
1601 529 1654 608 et,
1685 527 1861 612 quactum
1889 515 2107 606 conceditur,

65 649 139 697 rum
168 624 328 716 impetus
354 625 598 696 moderatione
629 625 831 720 aliquorum
862 627 1061 717 sapientum
1111 623 1292 698 audiendi.
1342 618 1445 709 Legit
1469 620 1557 690 olim
1579 631 1744 692 accensos
1762 643 1883 693 amore
1901 616 2031 690 harum
2047 643 2107 691 ar·

63 727 105 800 cd
118 726 314 798 utilitatem
331 734 554 798 communem
572 724 716 824 Μ’)
757 721 890 798 Aenos
906 728 1062 820 quidem,
1110 724 1205 796 tium
1218 747 1258 794 cs
1273 720 1421 794 Graecia
1437 722 1476 790 in
1492 717 1692 816 Aegyptum
1710 723 1890 812 navigasse
1902 719 2107 808 Eudoxum,

62 827 273 924 quiscimus
289 822 485 898 Ecclesiam
505 829 582 899 fore
604 831 853 922 sempiternam
877 827 1062 920 defatigari
1109 822 1314 910 Platonem,
1355 819 1586 916 Euripidem,
1626 837 1679 910 et,
1719 837 1761 894 ut
1798 822 1899 896 Plato
1941 824 2105 906 affirmat,

63 931 101 1000 iu
117 929 315 1000 excitandis
331 928 460 1000 studiis
475 932 672 1003 nondecet.
714 929 976 1012 Movebuntur,
1004 929 1062 998 io·
1111 927 1217 998 etiam
1241 925 1434 999 Socratem.
1490 921 1559 996 His
1581 925 1749 1015 exemplis
1777 937 1810 995 et
1839 925 1913 1016 ipse
1940 938 2106 994 movetur

65 1031 144 1128 quit
155 1026 356 1124 Propheta,
382 1032 521 1103 coelum
538 1046 573 1102 et
588 1047 702 1118 terra,
727 1046 762 1102 et
778 1029 875 1102 Deus
899 1034 966 1102 erit
984 1053 1062 1124 spes
1110 1028 1316 1120 praesertim
1339 1041 1378 1098 ut
1400 1023 1576 1114 initalia,
1603 1051 1696 1120 quae
1719 1026 1841 1096 multis
1864 1025 1934 1098 iam
1955 1025 2129 1116 saecailis,

71 1131 273 1226 populisui.
323 1127 465 1220 Quare,
491 1135 586 1228 quod
600 1133 705 1219 iacis,
731 1155 836 1226 perge
850 1132 972 1206 iurare
987 1147 1063 1203 stu·
1109 1129 1186 1200 sola
1218 1143 1270 1200 est
1299 1128 1491 1220 sapientiae
1518 1142 1560 1200 et
1591 1128 1835 1200 doctrinarum
1869 1127 2105 1207 domicilium,

78 1233 195 1304 diosos
207 1233 294 1304 bona
308 1257 391 1304 cum
404 1256 567 1326 spe„nec
579 1223 760 1326 frangaris
770 1235 891 1305 animo
905 1233 962 1304 vel
976 1257 1062 1326 pro-
1110 1229 1330 1301 doctissimos
1354 1226 1517 1300 homines
1538 1230 1658 1318 adeat,
1696 1242 1733 1300 et
1753 1253 1876 1299 eornm
1904 1227 2104 1299 eruditione

72 1347 152 1430 pter
169 1333 290 1430 iniqua
315 1333 446 1404 civium
468 1336 600 1406 iudicia
620 1337 678 1406 vel
691 1351 835 1427 propter
850 1358 972 1428 regum
988 1350 1061 1406 tra·
1110 1332 1299 1403 excolatur.
1337 1329 1439 1401 Hanc
1453 1331 1562 1422 igitur
1575 1332 1793 1405 voluntatem
1809 1353 1883 1400 non
1898 1329 2011 1400 solum
2029 1353 2104 1396 nun

65 1433 218 1526 gordias.
271 1431 437 1507 Serrabit
451 1431 549 1506 Deus
569 1437 663 1508 inter
679 1432 744 1508 hos
758 1451 876 1509 motus
892 1433 1062 1532 reliquias
1109 1433 1436 1520 languelaciendam
1464 1432 1607 1525 putavi,
1647 1434 1709 1502 sed
1734 1431 1852 1524 potius
1874 1431 2104 1503 incitandam.

61 1559 159 1622 suas,
193 1551 248 1620 et,
284 1549 326 1607 ιιι
353 1550 387 1609 te
419 1551 455 1607 et
479 1537 735 1630 rempublicam
759 1551 911 1608 vestram
938 1551 1062 1622 servet,
1112 1533 1232 1628 ltaque
1254 1558 1333 1603 cum
1355 1548 1389 1604 te
1410 1547 1527 1604 nosset
1540 1557 1582 1602 ex
1597 1532 1837 1604 monumentis
1850 1532 1920 1602 tuis
1936 1532 2104 1602 eruditis·
2186 1601 2192 1608 ,

61 1651 133 1710 toto
156 1651 307 1727 pectore
330 1661 410 1708 eum
432 1662 507 1714 oro.
556 1637 630 1710 Nos
653 1641 741 1710 dum
764 1639 847 1710 licet
871 1634 935 1707 has
958 1632 1062 1708 scho-
1110 1635 1224 1719 simis,
1260 1636 1372 1704 multa
1396 1649 1431 1706 et
1451 1659 1553 1728 saepe
1577 1637 1622 1704 de
1647 1637 1718 1724 tuis
1739 1633 2007 1726 sapientissimis
2030 1656 2103 1704 ser-

62 1737 199 1809 lasticas
225 1761 355 1830 operas
377 1735 454 1808 Deo
478 1739 623 1812 iuvante
647 1739 833 1822 iaciemus,
874 1740 940 1812 etsi
971 1763 1061 1831 pene
1109 1737 1277 1806 monibus
1297 1739 1410 1828 deque
1431 1731 1650 1807 humanitate
1677 1749 1734 1806 tua
1759 1738 1865 1826 digna
1888 1725 2102 1827 philosopho

65 1861 258 1910 consumor
272 1835 451 1935 dolore⁸),
483 1863 564 1912 cum
584 1864 660 1912 non
682 1842 796 1912 solum
815 1841 1062 1935 quaeimpen-
1109 1838 1263 1908 narravi.
1307 1836 1429 1908 -Venit
1455 1839 1564 1929 igitur
1587 1837 1625 1906 iu
1650 1861 1768 1930 spem,
1808 1838 1893 1907 tesi
1921 1829 2105 1930 qoid'ali·

66 1943 144 2010 dent
161 1940 303 2030 cogito,
335 1940 521 2012 sedetiam
537 1965 658 2012 causas
671 1965 715 2013 ex
730 1943 869 2036 aliquot
883 1965 1060 2014 annorum
1109 1941 1252 2030 quando
1277 1939 1516 2011 sciscitaturus
1537 1952 1642 2024 esset,
1674 1963 1746 2008 non
1769 1938 1939 2030 gravatim
1954 1961 2104 2028 respons

68 2037 211 2112 historia
235 2037 399 2136 animo’)
419 2055 552 2136 repeto.
604 2041 754 2134 Quoties
771 2045 926 2114 fremens
945 2059 981 2117 et
1003 2067 1061 2112 an-
1109 2064 1231 2110 surom
1250 2063 1333 2113 esse.
1385 2038 1506 2130 Quare
1525 2042 1658 2134 petenti
1681 2029 1801 2110 literas
1814 2041 1860 2108 ad
1876 2053 1911 2111 te
1925 2039 2026 2124 dedi,
2051 2052 2103 2108 tc-

72 2146 149 2214 deus
171 2144 227 2213 ira
250 2136 622 2276 nolvrcpuppwmirpu
642 2140 706 2216 arui
726 2141 939 2227 πλεονεξίαν
959 2145 1061 2237 prin·
1110 2164 1179 2234 quc
1193 2154 1339 2232 propter
1354 2135 1618 2236 philosophiam
1634 2167 1716 2227 oro,
1749 2155 1790 2214 ut
1810 2133 1907 2212 hunc
1924 2131 2106 2234 Hierony-

72 2244 180 2336 cipum
196 2239 415 2335 reprehendi
435 2243 479 2336 ⁰).
530 2243 802 2327 Nuncvident,
821 2245 852 2314 si
871 2246 1062 2316 tamensi·
1109 2267 1207 2310 mum
1239 2267 1258 2310 a
1291 2257 1416 2312 natura
1445 2245 1487 2312 ad
1523 2243 1687 2314 virtutem
1711 2255 1746 2312 et
1773 2243 1878 2312 decus
1907 2242 2106 2326 incitatum,

75 2348 165 2430 dent,
198 2358 376 2442 quantum
401 2347 472 2416 sibi
496 2347 644 2438 periculi
666 2346 925 2418 accersiverint.
983 2344 1061 2417 Ad·-
1110 2357 1145 2416 et
1159 2355 1376 2435 expetentem
1394 2368 1466 2414 nou
1485 2345 1648 2414 umbram
1665 2337 1928 2436 philosophiae,
1962 2345 2022 2414 sed
2043 2368 2105 2425 νοτ

77 2441 134 2516 buc
146 2445 214 2516 Dei
233 2447 404 2518 beneficio
419 2443 478 2516 hic
491 2447 719 2520 mediocriter
738 2449 907 2520 coluntur
925 2448 1061 2522 literae.
1111 2468 1167 2514 ras
1186 2445 1337 2514 etutiles
1353 2457 1459 2529 artes,
1494 2447 1733 2540 complectare.
1785 2439 1863 2516 Etsi
1886 2445 1981 2516 euim
2007 2467 2103 2517 nunc

78 2545 183 2616 l'num
202 2547 368 2618 libellum
383 2545 600 2618 scholasticis
623 2549 661 2618 in
686 2551 852 2620 manibus
878 2573 951 2619 esse
976 2545 1061 2618 haec
1110 2546 1149 2614 in
1175 2539 1230 2614 his
1251 2547 1359 2618 tantis
1381 2547 1479 2616 orbis
1501 2559 1674 2618 terrarum
1695 2545 1907 2618 tumultibus
1925 2539 2013 2618 haec
2028 2560 2104 2616 stu-

79 2650 219 2738 pagella,
253 2673 361 2743 quam
384 2650 508 2733 mitto,
534 2645 729 2744 indicat¹¹).
781 2649 878 2721 Beue
901 2664 944 2726 et,
956 2651 1061 2721 socii·
1110 2647 1167 2716 dia
1186 2660 1359 2718 nonsuut
1377 2643 1584 2718 inhonore:
1620 2663 1739 2720 tamen
1754 2645 1895 2718 virtutis
1919 2670 2021 2724 causa
2042 2671 2106 2716 co·

79 2751 151 2820 citer
164 2751 256 2820 vale.
306 2745 475 2822 Calendis
489 2747 660 2822 Octobris
669 2746 724 2847 ¹²).
1109 2749 1213 2818 lenda
1233 2773 1306 2817 esse
1321 2764 1453 2834 censet;
1489 2765 1527 2842 et
1543 2763 1605 2834 tu,
1631 2749 1693 2852 qui
1709 2749 1854 2821 fatidica
1867 2762 1984 2818 mente
2001 2771 2106 2840 prae·

1110 2849 1206 2922 ditus
1232 2850 1342 2933 nosti,
1375 2875 1464 2944 quae
1487 2850 1576 2935 sint,
1607 2875 1697 2944 quae
1711 2851 1864 2935 fuerint,
1890 2863 1923 2920 et
1939 2874 2028 2944 quae
2042 2849 2101 2920 fu·

1110 2965 1187 3024 tura
1210 2945 1416 3036 trahantur,
1456 2952 1659 3044 praedixisti
1684 2951 1868 3045 aliquanto
1895 2963 1972 3042 post
2004 2965 2104 3022 tcon-

1110 3052 1276 3145 quilliora
1298 3050 1462 3144 Europae
1488 3067 1658 3148 tempora.
1714 3049 1792 3124 Hac
1815 3077 1876 3146 spe
1899 3055 2104 3131 adolescen-

1109 3154 1194 3225 tiam
1212 3155 1254 3222 ad
1273 3149 1335 3222 has
1352 3155 1558 3246 disciplinas
1572 3169 1607 3226 et
1623 3149 1761 3226 hortari
1781 3155 1900 3242 soleo,
1933 3168 1967 3226 et
1990 3169 2023 3224 te
2046 3177 2105 3222 ar«

78 3292 123 3362 No
147 3291 262 3369 2755·
731 3327 735 3340 ,
888 3305 924 3380 (l
947 3233 1049 3388 ,000⁴
1109 3255 1222 3338 hitto,
1253 3255 1405 3325 libenter
1423 3256 1592 3326 adiuvare
1609 3256 1875 3348 ingeniosorum
1891 3255 2029 3339 studia,
2063 3267 2105 3331 ut

84 3349 242 3420 ἐκ
882 3351 1054 3428 §.ae-'0
1109 3360 1153 3426 ad
1170 3357 1407 3446 posteritatem
1426 3357 1668 3428 doctrinarum
1688 3356 1862 3449 possessio
1882 3355 2102 3428 transmitta-

413 3477 455 3561 Ε
506 3473 695 3566 Gaurico
1109 3472 1178 3528 tur.
1227 3453 1280 3526 Ea
1305 3471 1356 3526 est
1379 3471 1495 3528 autem
1517 3457 1687 3529 virtusin
1701 3455 1942 3554 Hieronymo,
1967 3471 2005 3527 ιιι
2023 3457 2103 3555 pol-¹

454 3544 466 3568 ⁶
697 3542 709 3567 ’
1108 3560 1215 3630 liceat
1238 3557 1304 3626 tibi
1329 3560 1566 3647 gratissimum
1596 3561 1692 3641 fore,
1729 3573 1763 3630 ct
1792 3582 1930 3651 sperem
1960 3583 2102 3649 omnem

143 3654 376 3734 tirtamus&
390 3655 494 3716 ineat.
509 3657 594 3716 Parte.
607 3659 689 3730 Μ·
702 3660 765 3728 5ὶέ
1022 3670 1031 3680 “
1107 3659 1243 3751 ingenii
1257 3659 1330 3728 vim
1353 3675 1388 3732 et
1413 3660 1623 3731 iudustriam
1644 3663 1688 3731 ad
1709 3661 1899 3733 utilitatem
1923 3652 2104 3751 publicam

77 3797 122 3884 CI
168 3813 179 3832 .
219 3811 229 3832 .
480 3814 489 3833 .
534 3813 543 3834 .
654 3816 664 3836 .
1107 3774 1143 3831 et
1159 3763 1415 3834 conservandas
1429 3757 1595 3836 honestas
1616 3777 1708 3834 artes
1734 3763 1992 3836 collocaturum
2017 3784 2102 3840 esse.

117 3839 289 3886 cressamo
322 3823 356 3886 ιι
389 3809 600 3888 doctcsssmo
625 3842 720 3904 varo,
749 3810 905 3899 Lucae
928 3811 1059 3890 Gau·
1106 3861 1204 3932 Bene-
1221 3862 1309 3938 vale·

75 3913 112 3984 ri
116 3939 179 4002 co,
203 3938 309 3990 verae
327 3909 591 4016 philosophiae
609 3915 802 4034 autistiti,
819 3914 968 3992 domino
980 3945 1058 3993 suo.
1811 4003 1814 4008 .
1849 3957 1945 4038 phil,
1961 3961 2050 4040 Mel,

72 4039 110 4130 S.
154 4064 303 4142 Clariss.
331 4079 366 4138 et
394 4067 537 4140 doctiss.
565 4071 634 4146 vir.
691 4071 783 4145 Cum
808 4072 1058 4170 Hieronymus

72 4159 273 4254 Scdreider,
305 4166 631 4262 Norimbecgensis,
664 4169 913 4266 philosophiae
932 4177 1058 4248 studiis
1098 4187 1101 4198 '

72 4289 104 4334 se
116 4283 228 4338 totum
244 4269 439 4356 addixerit,
467 4297 508 4341 ac
522 4275 710 4366 praecipue
727 4278 924 4348 doctrinam
941 4281 985 4348 de
1001 4303 1058 4372 sy·
1105 4267 1171 4343 No·
1184 4267 1298 4364 2766·
1951 4379 1955 4390 1
1982 4277 2032 4354 (h.
2050 4277 2090 4356 t.)

1104 4363 1276 4394 Μ

72 4367 187 4440 derum
217 4371 376 4442 motibus
401 4387 437 4445 et
457 4372 594 4447 viribus
618 4391 728 4465 amet,
769 4379 893 4469 flagrat
922 4379 1067 4468 ingenti
1410 4427 1515 4517 Vim
1549 4393 1811 4519 Theodoro?

573 2879 764 2979 Philippus
784 2881 1011 2958 Melanthon.

75 4551 261 4572 ——n—

1174 4613 1260 4687 Eplst.
1277 4612 1324 4669 lib.
1337 4610 1384 4667 lV.
1402 4629 1429 4680 p.
1441 4610 1493 4663 474
1506 4629 1546 4684 sq.
1564 4644 1600 4660 -··
1635 4615 1821 4737 Apogrcphou
1833 4613 1981 4688 cerastim,
2000 4635 2031 4672 ex
2044 4635 2102 4690 quo

99 4659 127 4726 7)
143 4659 378 4732 (lodi-flectitur.
696 4689 703 4698 ·
1209 4683 1281 4738 edita
1294 4682 1417 4745 ridetur,
1435 4680 1516 4734 estin
1532 4681 1595 4738 cod.
1607 4679 1744 4741 Monacl

101 4743 125 4810 a
143 4743 325 4817 hpognpbas
343 4749 399 4800 etsi
408 4761 467 4800 nou
480 4751 619 4806 mediocri
625 4753 726 4808 dolore
735 4751 859 4824 affiesbr.

100 4825 366 4951 ἣαιὲιιιῖιιοέοῗιιαιι
379 4829 545 4889 codzeltn.
559 4833 675 4906 urent,
692 4836 878 4894 codMonsc.
892 4835 936 4894 89.
955 4844 981 4891 et
994 4837 1057 4896 cod.
1191 4803 1194 4812 ‹
1403 4833 1443 4910 V
1448 4836 1465 4908 ι’
1471 4789 1517 4909 ld
1548 4833 1587 4909 T
1593 4831 1714 4911 head
1720 4859 1808 4911 ortt.

102 4979 141 5044 lm
158 4977 231 5034 Prot
246 4979 364 5052 Quoties
365 4982 559 5052 fiememetc.
572 4987 726 5060 apographa
735 4988 850 5046 babent:
864 5008 980 5058 semper
988 4995 1058 5054 rnilu¹
1103 4954 1148 5046 s·
1168 4972 1213 5050 D.
1265 4970 1343 5044 Elsl
1358 4973 1499 5068 Lipsiae
1516 4975 1656 5066 copiose
1675 4977 1721 5045 (le
1736 4980 2099 5052 excommunitallone

102 5051 776 5202 rtffwssmlmfflmfflmf'm
788 5063 996 5196 wzw‘ffl‘·
1003 5147 1033 5196 b.
1103 5072 1174 5152 nat
1186 5073 1269 5170 περὶ
1288 5068 1459 5170 μυήσεως
1478 5071 1543 5150 καὶ
1564 5073 1788 5160 εὐπιθέσεως
1797 5083 1936 5180 χειρῶν
1952 5105 2100 5173 respon.

130 5217 216 5268 Μ·
228 5175 346 5278 innui,
362 5213 394 5256 ue
408 5207 517 5278 sucas,
533 5217 613 5262 cmm
625 5161 933 5268 riaehviifflssirss
946 5163 1002 5267 12⁶⁰
991 5163 1057 5268 „xl
1104 5185 1187 5249 dere
1200 5180 1469 5259 constitueram,
1495 5194 1611 5249 tamen
1628 5191 1766 5249 tanturn
1782 5183 1850 5256 suit
1864 5185 2099 5274 scriptionum

131 5269 210 5322 ἦν’
223 5285 293 5323 aa.
855 5362 862 5378 ι
1103 5283 1319 5364 subitarum,
1360 5294 1400 5352 ut
1419 5278 1669 5376 Hieromus
1694 5293 1815 5358 noster
1823 5276 1862 5384 *l
1885 5285 2005 5360 testari
2032 5309 2098 5380 po·

102 5349 449 5476 mnodbnmrsepnhffla‘ddduet
466 5373 586 5484 effic
612 5359 690 5446 lit&
703 5391 743 5444 '.'''
757 5430 764 5447 Ι
778 5362 895 5478 {lappam
910 5364 981 5448 bepc
994 5366 1055 5450 epi·

131 5485 252 5560 epistulis
264 5505 337 5545 anno
350 5439 558 5568 ttuliiinptts.
589 5427 687 5488 mum
701 5431 764 5489 mm
781 5431 817 5486 Vl
861 5452 920 5490 m
940 5447 1054 5492 'wan
1135 5495 1167 5577 ἴ)
1182 5505 1345 5582 Schneider,
1362 5505 1408 5579 qui
1423 5503 1567 5580 pertulisse
1580 5503 1723 5578 epistolam
1737 5504 1938 5584 Norlnbcrgam
1953 5505 2069 5566 ridetur.

1759 4722 1767 4739 .
1785 4701 1812 4755 p.
1828 4683 1884 4742 160.
