4890 6250
271 308 296 380 7
846 301 1288 384 EPISTOLARUM
1336 305 1449 386 ata.
1481 305 1548 392 IX.
1601 304 1734 430 idib.
2287 313 2310 384 a

273 481 344 556 Sed
360 478 519 555 bominis
532 481 683 554 studiosi
700 494 753 553 est
773 478 992 570 intelligere,
1025 501 1113 574 quas
1134 473 1269 550 utilita-
1317 501 1416 551 mum
1431 480 1521 552 lucis
1538 483 1671 559 afferet.
1719 483 1819 560 Bene
1832 484 1929 574 vale,
1961 483 2171 578 Vitebergae
2183 483 2312 558 Calen-

275 599 326 660 tes
341 587 484 678 proprie
497 585 620 658 afferat
633 579 853 656 arithmetica
868 579 944 668 his,
975 581 1036 674 qui
1060 581 1210 652 solidam
1235 593 1269 650 et
1318 582 1373 652 dis
1391 579 1548 656 Ianuarii
1569 583 1680 664 1545.

271 689 462 780 perfectam
489 686 686 758 doctrinam
710 685 908 757 incaeteris
923 679 1171 776 philosophiae
1187 707 1268 776 par·-
1338 727 1345 743 ι

273 791 367 862 tibus
384 789 570 879 explicant.
621 785 730 876 Quod
753 787 848 856 enim
870 788 977 877 vulgo
998 787 1140 873 dicunt,
1166 785 1268 877 prin-

271 892 405 984 cipium
432 904 505 960 e'sse
527 887 716 960 dimidium
745 889 874 970 totius,
915 888 1033 958 idvel
1054 887 1205 958 maxime
1227 887 1267 956 in

264 987 519 1086 philosophiae
539 991 700 1082 partibus
723 990 951 1082 conspicitur.
1003 988 1106 1064 Unus
1122 1003 1175 1060 est
1190 989 1267 1060 adi·
1315 997 1381 1073 No,
1397 973 1535 1070 2615,'⁴
2186 1007 2219 1068 1,
2236 993 2303 1063 lan.

260 1109 327 1178 ,tus
351 1097 396 1164 ad
423 1093 757 1186 praestantissimam
781 1087 1028 1184 philosophiae
1054 1104 1191 1184 partem
1222 1092 1267 1160 dc
1315 1096 1486 1122 W*
2172 1089 2306 1114 W*

269 1199 426 1268 motibus
460 1195 670 1268 coelestibus
709 1193 864 1283 cognitio
904 1189 1152 1266 arithmeticos.
1217 1187 1266 1262 Et
1561 1177 1773 1262 Mauritio
1801 1174 1921 1261 Duct'
1950 1173 2062 1264 Sax.

268 1293 355 1374 baec
371 1310 505 1369 tantam
520 1296 593 1365 vim
611 1291 736 1380 habet,
761 1311 802 1368 ut
815 1294 1041 1366 mediocriter
1058 1292 1264 1366 exercitatus

268 1402 308 1472 a
324 1395 546 1492 amosa
561 1397 662 1468 me
679 1410 814 1468 ...aa
836 1397 1023 1488 persanat
1046 1410 1081 1470 et
1100 1419 1265 1488 asses-qu
1383 1356 1825 1484 praecantatus
1847 1354 2311 1481 cantantum:

210 1563 213 1568 ,
268 1516 339 1574 tur.
390 1499 441 1570 Ita
459 1498 865 1592 plusquamdimidium
884 1497 1083 1570 totiuseius
1101 1491 1264 1590 philoso-
1417 1499 1485 1552 Met.
1506 1497 1587 1552 Tam.
1600 1495 1635 1550 ¹¹·
1653 1493 1743 1568 affl
1757 1511 1817 1566 *tt-
1838 1503 1865 1548 ⁸²
1886 1495 1915 1550 ⁵⁰
1935 1493 2022 1549 eiuro.
2040 1493 2178 1568 operibus
2193 1493 2309 1550 ΨΜ·
2437 1499 2438 1514 ¹

265 1600 373 1696 pbiae
389 1614 486 1673 tenet
501 1601 550 1684 is,
582 1600 644 1694 qui
669 1601 895 1672 mediocriter
909 1599 1077 1690 cognovit
1092 1593 1264 1670 arithme—
1416 1565 1449 1620 T.
1463 1567 1495 1622 ¹¹·
1513 1587 1540 1638 Ρ·
1554 1565 1615 1621 ⁴¹⁶·
1667 1603 1670 1608 ’

266 1706 385 1823 fictu-0
423 1702 674 1822 Ηβξῑΰῑῦὓῖθῐῃ
697 1702 888 1821 ”filistim
911 1702 1062 1796 Pmedffi
1085 1701 1263 1819 benefl’sis
1312 1719 1513 1822 Praefatio
1537 1715 1704 1818 Philip
1712 1719 1764 1818 pr·
1786 1713 2128 1792 Melanionis
2154 1720 2195 1792 in
2220 1717 2313 1791 Dre-

265 1821 405 1878 naturrs
427 1807 615 1896 diligenter
638 1806 881 1890 considerent,
919 1817 960 1876 ut
989 1820 1024 1877 et
1051 1816 1264 1874 exsuscitent
1620 1819 1750 1894 „idem
1766 1816 2002 1920 prophetam,

265 1909 404 1984 animos
429 1910 473 1977 ad
495 1927 655 1978 amorem
674 1902 782 1978 buius
804 1907 908 1992 artis,
942 1921 976 1978 et
1000 1919 1210 1997 praeparent
1226 1928 1263 1976 sc
1462 1976 1470 1995 .
1516 1977 1523 1995 Ι
1668 1975 1676 1994 ι
1729 1974 1777 1994 Η
1979 1972 1987 1991 ι

266 2015 311 2082 ad
335 2009 578 2104 percipienda,
599 2021 752 2080 caetera,
771 2021 874 2080 grtes,
925 2004 1024 2096 Quid
1047 2009 1143 2100 quod
1167 2006 1263 2078 mul„
1311 1975 1581 2050 Illustnsstmo
1605 1969 1774 2076 Prrncqn
1799 1997 1844 2046 ac
1865 1969 2052 2058 Domino,
2083 1971 2139 2046 D.
2163 1970 2311 2045 Mau·
2437 1985 2438 2008 ¹

264 2127 342 2188 tum
358 2113 463 2184 etiam
478 2111 517 2179 in
533 2105 705 2204 physicis,
729 2111 882 2180 multum
898 2110 937 2180 in
951 2106 1111 2180 historiis
1127 2109 1263 2180 utimur
1313 2079 1449 2168 “⁶5⁰2
1476 2077 1584 2198 Dm..
1593 2075 1799 2198 safffflfia‘a
1823 2071 2075 2196 1³⁰⁰ssme
2089 2073 2314 2193 Turingiqe,

265 2211 332 2286 bac
346 2213 528 2284 subtiliori
541 2212 702 2284 doctrina
718 2214 761 2280 de
777 2213 945 2286 numeris.
977 2209 1141 2306 Denique
1158 2224 1261 2301 turpe
1311 2193 1343 2256 θ’
1360 2175 1581 2301 Manilwm
1597 2177 1790 2300 dissutae,
1823 2175 1993 2250 D⁰m¹⁰⁰
2015 2203 2083 2299 ΨΟ
2105 2176 2313 2250 dminus·

262 2332 318 2388 est
332 2313 473 2388 homiui
488 2313 645 2385 versanti
668 2315 706 2384 in
727 2314 857 2399 literis,
887 2314 1065 2404 negligere
1088 2307 1181 2384 banc
1203 2335 1263 2383 ar·
1372 2296 1487 2380 samo,
1512 2277 1768 2382 ΡῘΗῙΨΙΨις
1794 2275 2096 2354 Mdaml'ffl'·
2135 2276 2246 2356 Μ·

266 2434 355 2506 tem,
394 2440 483 2510 quae
515 2430 567 2488 est
596 2416 678 2487 lons
709 2431 742 2487 et
770 2411 950 2488 inchoatio
977 2414 1261 2488 ratiocinationis
1311 2397 1420 2489 Haec
1449 2442 1530 2488 cum
1558 2419 1598 2487 in
1627 2417 1753 2488 bruma
1777 2416 1986 2498 scriberem,
2021 2430 2161 2510 tempus
2182 2441 2238 2487 mc
2264 2419 2313 2489 de
2437 2489 2438 2496 χ

266 2520 472 2604 universae,
495 2541 585 2611 quae
601 2512 759 2610 primum
775 2518 944 2590 discernit
960 2543 1072 2588 unum
1088 2531 1121 2588 et
1137 2517 1261 2602 multa,
1310 2515 1519 2618 Halcyoniis
1540 2521 1737 2594 admonuit.
1788 2515 1903 2590 Aiunt
1924 2519 2018 2588 enim
2042 2517 2244 2612 Halcyonas
2269 2519 2312 2591 in

265 2646 377 2720 eaque
394 2619 591 2704 distribuit,
616 2643 685 2713 qua
701 2619 779 2692 luce
792 2620 935 2712 proprie
950 2613 1115 2690 homines
1129 2619 1262 2689 distant
1311 2623 1459 2693 marinis
1474 2622 1628 2713 scopulis
1643 2621 1884 2705 nidificantes,
1918 2613 1986 2690 boc
2007 2623 2200 2712 asperrimo
2222 2625 2312 2692 anni

263 2723 515 2816 apoeudibus·
573 2719 658 2792 ld⁰⁰
684 2722 772 2792 boni
796 2736 831 2792 et
849 2723 944 2794 docti
966 2722 1037 2792 viri
1060 2713 1196 2804 Sllfflma
1224 2720 1262 2788 vi
1311 2739 1470 2818 tempore
1488 2723 1657 2794 incubare
1673 2718 1750 2793 ovis'
1766 2738 1801 2795 et
1817 2721 1935 2814 pullos
1950 2722 2146 2797 excludere.
2197 2721 2314 2796 Eam-

264 2825 383 2903 anuiti
398 2825 549 2910 debent,
572 2835 614 2892 ut
631 2823 670 2892 in
684 2819 823 2894 scholas
838 2839 1005 2896 revocent
1020 2817 1113 2893 banc
1128 2821 1263 2893 doctri·
1312 2851 1381 2922 que
1396 2829 1443 2896 ob
1457 2850 1595 2896 causam
1611 2825 1737 2896 diebus
1750 2824 2017 2920 quatuordecim
2032 2825 2070 2894 id
2083 2841 2191 2910 mare,
2210 2829 2314 2920 quod

265 2953 371 3012 nam,
393 2941 451 3010 ut,
483 2937 669 3018 postquam
692 2924 834 3015 explosa
858 2939 910 2994 est
930 2923 991 2994 illa
1016 2925 1128 2996 diluta
1153 2924 1263 2996 etlo-
1312 2925 1506 3022 hospitium
1523 2928 1669 3026 praebet
1689 2927 1875 2998 incubanti
1891 2923 2087 3020 Halcyuni‚
2117 2929 2207 2998 adeo
2230 2929 2314 3020 pla·

266 3054 360 3125 quan
383 3023 594 3121 sophistice,
626 3049 717 3121 quae
741 3041 962 3118 oppresserat
985 3026 1203 3100 dialecticam
1228 3039 1264 3097 et
1313 3031 1431 3101 cidum
1453 3053 1543 3115 esse,
1578 3029 1617 3101 ui
1638 3042 1717 3100 tuto
1740 3026 1901 3119 rtavigari
1928 3030 2055 3120 possit,
2095 3051 2159 3098 nec
2185 3031 2314 3104 sevitia

266 3127 463 3225 Physicen,
502 3153 600 3206 nnnc
631 3128 759 3200 veteris
783 3143 819 3200 et
841 3128 996 3220 purioris
1017 3123 1263 3219 philosophiae
1313 3146 1499 3233 ventorum
1518 3131 1694 3225 quassari,
1718 3154 1783 3201 nec
1796 3130 1904 3200 undis
1920 3131 2027 3202 obrui
2049 3129 2124 3200 avis
2148 3125 2314 3224 hospitae

262 3233 385 3309 studia
400 3233 528 3303 iterum
547 3232 797 3303 accendantur.
848 3228 945 3300 Haec
961 3231 1146 3320 diligentia
1168 3229 1264 3299 mul·
1312 3234 1450 3304 nidum.
1506 3232 1661 3328 Ideoque
1686 3232 1982 3326 tranquillitatem
2008 3243 2044 3302 et
2072 3233 2173 3326 quasi
2201 3237 2315 3305 indu-

267 3334 443 3408 rismodis
459 3333 644 3424 profutura
660 3346 712 3401 est
728 3331 954 3422 reipublicae.
1004 3329 1095 3400 Nam
1112 3309 1264 3422 simplici
1313 3338 1383 3407 cias
1411 3347 1588 3406 certomm
1616 3335 1755 3406 dierum
1775 3333 1865 3404 circa
1889 3334 2052 3404 brumam
2075 3335 2196 3404 vocari
2219 3333 2314 3407 Hal·
2437 3375 2438 3424 t

268 3450 304 3508 et
325 3459 415 3528 pura
439 3433 601 3506 doctrina
624 3433 836 3504 assuefactae
859 3447 994 3504 mentes
1015 3432 1142 3504 rectius
1168 3432 1263 3502 iudi·
1313 3438 1457 3534 cyonios
1480 3437 1567 3511 dies.
1627 3433 1676 3508 Ut
1697 3448 1814 3506 autem
1836 3431 1933 3505 Deus
1957 3434 2088 3505 multas
2112 3434 2150 3504 iu
2180 3449 2314 3511 natura

268 3553 370 3620 cant,
394 3547 585 3632 quaemnt
614 3547 709 3606 certa
742 3533 780 3604 in
813 3534 1006 3620 doctrinis,
1043 3557 1117 3604 uon
1142 3548 1264 3606 tenent
1312 3564 1432 3611 rerum
1464 3538 1633 3630 imagines
1661 3534 1839 3608 Ecclesiae
1868 3536 1974 3606 nobis
2005 3538 2206 3630 proposuit.-
2255 3537 2313 3612 Ita
2437 3535 2438 3554 ¹

265 3641 448 3714 mordicus
473 3637 618 3706 incerta.
675 3633 849 3725 Magnum
877 3647 913 3706 et
941 3631 1008 3706 boc
1037 3637 1173 3706 bonum
1201 3649 1264 3716 est,
1313 3635 1403 3712 mihi
1428 3640 1559 3730 legenti
1586 3651 1696 3709 totam
1727 3661 1848 3708 earum
1878 3638 1997 3708 avium
2025 3637 2312 3729 descriptionem,

266 3743 366 3837 quod
390 3737 476 3810 baec
496 3739 574 3829 ipsa
597 3738 816 3808 cousuetudo
836 3739 951 3814 adfert
965 3761 1121 3808 amorem
1135 3738 1264 3808 verita·
1313 3767 1415 3836 saepe
1439 3742 1595 3812 venitin
1619 3753 1772 3810 mentem
1789 3736 1967 3810 Ecclesiae
1989 3741 2206 3811 nidificantis
2227 3755 2311 3812 tan-
2437 3739 2438 3758 ¹

267 3846 334 3930 tis,
357 3842 422 3938 qui
437 3843 551 3912 bonos
567 3839 663 3912 viros
679 3839 803 3924 efficit,
836 3851 869 3909 et
892 3839 1080 3930 diligenter
1103 3839 1264 3910 adsuefa-
1314 3869 1419 3939 quam
1437 3845 1475 3914 in
1492 3844 1605 3927 mari,
1636 3841 1675 3910 in
1697 3842 1833 3932 magnis
1855 3855 1889 3912 et
1908 3841 2123 3912 turbulentis
2138 3842 2312 3936 imperiis,

269 3947 319 4017 cit
339 3945 478 4016 animos
494 3943 539 4014 ad
557 3939 837 4012 moderationem
855 3941 960 4012 etiam
976 3942 1013 4010 in
1027 3939 1164 4034 reliqua
1180 3941 1264 4015 vita.
1313 3949 1353 4017 in
1368 3946 1499 4042 quibus
1514 3943 1770 4040 aliquantisper
1785 3941 1881 4014 Deus
1899 3956 1935 4013 et
1955 3944 2195 4031 domicilium,
2228 3959 2313 4015 tan-
2437 3987 2438 4024 3

270 4047 370 4139 Quid
404 4057 456 4116 ost
486 4057 604 4115 autem
635 4043 743 4112 rebus
773 4037 939 4114 humanis
963 4044 1075 4134 magis
1099 4044 1265 4130 salutare,
1314 4074 1422 4143 quam
1450 4049 1577 4117 nidum
1608 4060 1641 4118 et
1669 4045 1965 4141 tranquillitatem
1998 4047 2210 4116 mediocrem
2239 4048 2313 4140 piis

269 4173 378 4244 quam
393 4171 463 4230 eos,
485 4145 547 4240 qui
562 4157 707 4235 propter
720 4144 918 4214 doctrinam
932 4145 1146 4236 reipublicae
1161 4169 1266 4238 prae·
1315 4151 1442 4222 studiis
1456 4149 1635 4234 concedit,
1668 4163 1708 4240 ut
1727 4147 1912 4241 propagari
1927 4143 2162 4238 Evangelium
2185 4151 2313 4240 possit.
2437 4143 2438 4200 Ῑ

270 4251 457 4330 ficiuntur,
492 4259 525 4316 ct
547 4245 705 4320 veritatis
725 4260 971 4318 amantesesse
990 4247 1266 4320 atmoderatos?
1315 4253 1419 4324 Talia
1451 4254 1598 4324 suerunt
1630 4248 1828 4344 Halcyonia
1869 4249 1965 4337 genti
1996 4245 2177 4333 Iudaicae,
2225 4273 2311 4324 cum

271 4349 324 4423 lta
349 4353 439 4420 bene
463 4361 499 4418 et
519 4349 698 4440 praeclare
719 4349 951 4419 merebuntur
972 4344 1112 4420 scholae
1132 4352 1177 4420 de
1205 4373 1266 4440 ge·
1313 4351 1476 4427 Christus
1498 4367 1534 4424 et
1553 4348 1718 4444 Apostoli
1741 4353 1969 4422 docuerunt.-
2017 4348 2095 4420 Nisi
2117 4351 2211 4420 enim
2239 4351 2312 4421 ali-

271 4479 357 4524 nere
380 4449 557 4530 humano,
593 4449 781 4534 siveram,
811 4450 1112 4543 utilem‚¹puram
1133 4451 1265 4523 doctri·-
1315 4459 1520 4553 quantisper
1542 4479 1609 4545 pax
1630 4453 1774 4536 fnisset,
1805 4473 1880 4520 non
1896 4452 2010 4542 spargi
2026 4452 2094 4522 v'ox
2108 4447 2311 4544 Evangelii,
2437 4495 2438 4522 t

259 4581 355 4652 *nam
374 4563 574 4647 proponent
590 4549 783 4636 iuventuti,
816 4576 962 4647 eamque
987 4554 1093 4624 simul
1110 4555 1155 4625 ad
1171 4555 1266 4625 veri·
1316 4575 1350 4632 et
1367 4583 1441 4629 non
1457 4555 1592 4627 erudiri
1609 4553 1860 4637 adolescentia,
1892 4577 1965 4624 non
1982 4554 2175 4624 coalescere
2189 4569 2311 4628 coetus

264 4651 353 4730 ‘tatis
373 4680 529 4725 amorem
554 4665 588 4722 et
610 4653 655 4722 ad
678 4653 899 4742 diligentiam
920 4681 960 4726 ac
984 4656 1264 4727 moderationem
1315 4661 1427 4754 aliqui
1449 4658 1656 4752 potuissent.
1708 4653 1805 4724 llaec
1830 4655 1925 4724 enim
1949 4655 2025 4723 lieri
2049 4679 2124 4726 non
2149 4673 2312 4747 possunt,
2437 4679 2438 4700 ¹

272 4761 310 4828 in
328 4759 400 4828 vita
416 4757 612 4828 instituant.
664 4751 821 4828 Proinde
839 4757 1038 4844 laudandus
1054 4773 1105 4830 est
1119 4771 1266 4830 conatus
1316 4787 1396 4834 cum
1413 4776 1547 4833 terrore
1568 4781 1747 4827 armorum
1770 4769 1805 4826 et
1823 4756 1987 4825 barbarie
2004 4779 2044 4826 ac
2065 4759 2186 4828 furore
2210 4759 2311 4828 mili-

271 4861 484 4954 multorum‚
526 4858 588 4950 qui
620 4847 688 4927 hoc
716 4872 873 4948 tempore
903 4873 965 4932 aut
992 4875 1109 4931 vetera
1136 4861 1273 4952 scripta.
1316 4880 1393 4936 tum
1418 4863 1632 4954 dissipantur
1654 4855 1795 4929 bonesti
1820 4869 1956 4941 coetus,
1988 4880 2068 4926 cum
2086 4860 2192 4927 urbes
2209 4881 2310 4930 ever-
2437 4885 2438 4904 .

271 4965 386 5034 edunt
401 4973 504 5053 atque
522 4960 702 5030 illustrant
713 4961 758 5029 de
776 4955 832 5029 his
847 4962 1055 5056 disciplinis,
1081 4987 1171 5057 quae
1185 4965 1268 5030 fon·
1316 4979 1457 5050 tuntur,
1489 4987 1569 5034 cum
1593 4961 1685 5031 nulli
1701 4973 1783 5032 sunt
1799 4971 1957 5050 receptus
1973 4959 2202 5044 discentium,
2225 4984 2315 5031 cunr
2437 4979 2438 4994 ³

272 5068 325 5140 'tes
339 5055 584 5156 philosophiae
599 5060 799 5148 continent,
826 5079 886 5138 aut
900 5067 1037 5136 cudunt
1050 5090 1155 5137 nova.
1186 5061 1266 5132 Hoc
1316 5093 1334 5136 a
1357 5067 1542 5157 complexu
1564 5077 1750 5154 parentum
1771 5064 1891 5132 avulsa
1913 5060 2146 5154 adolescentia
2167 5062 2310 5150 iugula-

273 5166 423 5240 consilio
460 5159 528 5234 huc
561 5158 825 5234 arithmeticum
859 5168 1028 5260 scriptum
1061 5158 1266 5236 Michaelis
1317 5183 1386 5241 tur.
1438 5165 1753 5246 Haeccumliunt‚
1787 5163 1874 5232 imm
1891 5161 1958 5232 Dei
1976 5165 2143 5233 adversus
2158 5157 2310 5234 humani

273 5263 424 5368 Sttsalti
450 5265 599 5338 studiosi
629 5265 806 5340 iuventuti
838 5269 1161 5340 commendandum
1194 5289 1267 5337 esse
1316 5270 1453 5360 generis
1479 5280 1615 5360 peccata
1640 5289 1870 5356 agnoscamus
1895 5263 2186 5354 acdeploremus.
2238 5263 2310 5336 Sed

274 5373 378 5456 duxi,
409 5371 506 5464 quod
526 5369 668 5440 eumad
685 5369 969 5441 exercitationem
984 5371 1159 5462 proderit,
1190 5382 1266 5439 tum
1317 5385 1435 5442 tamen
1449 5372 1621 5444 immense
1635 5365 1701 5438 Dei
1719 5367 1859 5436 bonitas
1873 5365 2054 5443 interdurn
2071 5367 2207 5458 aliquas
2223 5389 2310 5436 con-

274 5497 357 5543 vero
381 5476 425 5542 ad
449 5495 569 5542 causas
594 5471 881 5564 praeceptionum
905 5473 1124 5568 quaerendas
1151 5469 1267 5565 pluri·
1317 5473 1410 5546 cedit
1424 5472 1584 5544 inducias
1601 5487 1746 5564 propter
1760 5466 1975 5549 Ecclesiam,
2002 5482 2042 5538 ut
2057 5469 2166 5540 maris
2180 5459 2309 5538 ilustris
