<?xml version="1.0" encoding="UTF-8"?>
<!DOCTYPE html PUBLIC "-//W3C//DTD XHTML 1.0 Transitional//EN"
    "http://www.w3.org/TR/xhtml1/DTD/xhtml1-transitional.dtd">
<html xmlns="http://www.w3.org/1999/xhtml" xml:lang="en" lang="en">
 <head>
  <title>
</title>
<meta http-equiv="Content-Type" content="text/html;charset=utf-8" />
  <meta name='ocr-system' content='tesseract 3.04.00' />
  <meta name='ocr-capabilities' content='ocr_page ocr_carea ocr_par ocr_line ocrx_word'/>
</head>
<body>
  <div class='ocr_page' id='page_1' title='image "./copusreformator00bretgoog_0017.png"; bbox 0 0 4910 6248; ppageno 0'>
   <div class='ocr_carea' id='block_1_1' title="bbox 443 1797 1962 1901">
    <p class='ocr_par' dir='ltr' id='par_1_1' title="bbox 443 1797 1962 1901">
     <span class='ocr_line' id='line_1_1' title="bbox 443 1797 1962 1901; baseline 0.006 -15"><span class='ocrx_word' id='word_1_1' title='bbox 443 1797 780 1892; x_wconf 77' lang='lat' dir='ltr'><strong>ANNAnns</strong></span> <span class='ocrx_word' id='word_1_2' title='bbox 818 1799 1038 1893; x_wconf 72' lang='lat' dir='ltr'><strong>vrnall</strong></span> <span class='ocrx_word' id='word_1_3' title='bbox 1073 1803 1391 1894; x_wconf 78' lang='lat' dir='ltr'><strong>PHILIPPl</strong></span> <span class='ocrx_word' id='word_1_4' title='bbox 1429 1804 1962 1901; x_wconf 75' lang='lat' dir='ltr'><strong>MunnNnflonlIS.</strong></span> 
     </span>
    </p>
   </div>
   <div class='ocr_carea' id='block_1_2' title="bbox 1037 2243 1367 2328">
    <p class='ocr_par' dir='ltr' id='par_1_2' title="bbox 1037 2243 1367 2328">
     <span class='ocr_line' id='line_1_2' title="bbox 1037 2243 1367 2328; baseline -0.003 -7"><span class='ocrx_word' id='word_1_5' title='bbox 1037 2243 1199 2322; x_wconf 86' lang='grc' dir='ltr'><strong>ΑΝΝΟ</strong></span> <span class='ocrx_word' id='word_1_6' title='bbox 1235 2246 1367 2328; x_wconf 74' lang='grc'><strong>1541.</strong></span> 
     </span>
    </p>
   </div>
   <div class='ocr_carea' id='block_1_3' title="bbox 180 2447 1926 3212">
    <p class='ocr_par' dir='ltr' id='par_1_3' title="bbox 180 2447 1926 3212">
     <span class='ocr_line' id='line_1_3' title="bbox 180 2447 1926 2540; baseline 0.007 -28"><span class='ocrx_word' id='word_1_7' title='bbox 180 2447 245 2513; x_wconf 89' lang='lat' dir='ltr'><strong>Ian.</strong></span> <span class='ocrx_word' id='word_1_8' title='bbox 304 2449 369 2514; x_wconf 89' lang='lat' dir='ltr'><strong>Sub</strong></span> <span class='ocrx_word' id='word_1_9' title='bbox 386 2451 475 2512; x_wconf 88' lang='lat' dir='ltr'><strong>initio</strong></span> <span class='ocrx_word' id='word_1_10' title='bbox 491 2449 583 2512; x_wconf 88' lang='lat' dir='ltr'><strong>huius</strong></span> <span class='ocrx_word' id='word_1_11' title='bbox 599 2453 670 2512; x_wconf 87' lang='lat' dir='ltr'><strong>anni</strong></span> <span class='ocrx_word' id='word_1_12' title='bbox 686 2455 736 2512; x_wconf 86' lang='lat' dir='ltr'><strong>vel</strong></span> <span class='ocrx_word' id='word_1_13' title='bbox 751 2465 881 2515; x_wconf 88' lang='lat' dir='ltr'><strong>exeunte</strong></span> <span class='ocrx_word' id='word_1_14' title='bbox 897 2474 976 2516; x_wconf 90' lang='lat' dir='ltr'><strong>anno</strong></span> <span class='ocrx_word' id='word_1_15' title='bbox 994 2455 1091 2525; x_wconf 78' lang='lat'><strong>1642</strong></span> <span class='ocrx_word' id='word_1_16' title='bbox 1106 2460 1246 2540; x_wconf 87' lang='lat' dir='ltr'><strong>abrogata</strong></span> <span class='ocrx_word' id='word_1_17' title='bbox 1259 2471 1304 2522; x_wconf 91' lang='lat' dir='ltr'><strong>est</strong></span> <span class='ocrx_word' id='word_1_18' title='bbox 1320 2456 1519 2538; x_wconf 88' lang='lat' dir='ltr'><strong>Witebergae</strong></span> <span class='ocrx_word' id='word_1_19' title='bbox 1532 2461 1661 2522; x_wconf 77' lang='lat' dir='ltr'><strong>elevatio</strong></span> <span class='ocrx_word' id='word_1_20' title='bbox 1677 2464 1711 2522; x_wconf 91' lang='lat' dir='ltr'><strong>in</strong></span> <span class='ocrx_word' id='word_1_21' title='bbox 1727 2469 1807 2524; x_wconf 81' lang='lat' dir='ltr'><strong>sabra</strong></span> <span class='ocrx_word' id='word_1_22' title='bbox 1823 2484 1926 2526; x_wconf 87' lang='lat' dir='ltr'><strong>coena.</strong></span> 
     </span>
     <span class='ocr_line' id='line_1_4' title="bbox 214 2581 1110 2653; baseline 0 -1"><span class='ocrx_word' id='word_1_23' title='bbox 214 2593 245 2652; x_wconf 98' lang='grc'><strong>1.</strong></span> <span class='ocrx_word' id='word_1_24' title='bbox 304 2583 410 2651; x_wconf 87' lang='lat' dir='ltr'><strong>Prodit</strong></span> <span class='ocrx_word' id='word_1_25' title='bbox 424 2581 498 2648; x_wconf 88' lang='lat' dir='ltr'><strong>Mel.</strong></span> <span class='ocrx_word' id='word_1_26' title='bbox 515 2588 747 2648; x_wconf 89' lang='lat' dir='ltr'><strong>commentarius</strong></span> <span class='ocrx_word' id='word_1_27' title='bbox 760 2588 794 2648; x_wconf 89' lang='lat' dir='ltr'><strong>in</strong></span> <span class='ocrx_word' id='word_1_28' title='bbox 807 2583 946 2652; x_wconf 76' lang='lat' dir='ltr'><strong>Danielis</strong></span> <span class='ocrx_word' id='word_1_29' title='bbox 959 2595 1110 2653; x_wconf 82' lang='lat' dir='ltr'><strong>vaticinia.</strong></span> 
     </span>
     <span class='ocr_line' id='line_1_5' title="bbox 305 2717 1459 2803; baseline 0.004 -19"><span class='ocrx_word' id='word_1_30' title='bbox 305 2719 379 2784; x_wconf 92' lang='lat' dir='ltr'><strong>Mel.</strong></span> <span class='ocrx_word' id='word_1_31' title='bbox 396 2717 548 2803; x_wconf 71' lang='lat' dir='ltr'><strong>praefatur</strong></span> <span class='ocrx_word' id='word_1_32' title='bbox 563 2722 598 2780; x_wconf 87' lang='lat' dir='ltr'><strong>in</strong></span> <span class='ocrx_word' id='word_1_33' title='bbox 613 2717 730 2782; x_wconf 82' lang='lat' dir='ltr'><strong>Stifelii</strong></span> <span class='ocrx_word' id='word_1_34' title='bbox 745 2721 964 2785; x_wconf 71' lang='lat' dir='ltr'><strong>arithmeticam</strong></span> <span class='ocrx_word' id='word_1_35' title='bbox 979 2737 1009 2788; x_wconf 88' lang='lat' dir='ltr'><strong>et</strong></span> <span class='ocrx_word' id='word_1_36' title='bbox 1027 2729 1059 2787; x_wconf 91' lang='lat' dir='ltr'><strong>in</strong></span> <span class='ocrx_word' id='word_1_37' title='bbox 1074 2725 1263 2790; x_wconf 85' lang='lat' dir='ltr'><strong>Alcoranum</strong></span> <span class='ocrx_word' id='word_1_38' title='bbox 1277 2723 1459 2790; x_wconf 88' lang='lat' dir='ltr'><strong>Bibliandri.</strong></span> 
     </span>
     <span class='ocr_line' id='line_1_6' title="bbox 212 2822 900 2938; baseline -0.007 -17"><span class='ocrx_word' id='word_1_39' title='bbox 212 2869 245 2929; x_wconf 77' lang='lat'><strong>2.</strong></span> <span class='ocrx_word' id='word_1_40' title='bbox 304 2853 378 2920; x_wconf 87' lang='lat' dir='ltr'><strong>Mal.</strong></span> <span class='ocrx_word' id='word_1_41' title='bbox 390 2857 588 2938; x_wconf 84' lang='lat' dir='ltr'><strong>proficiscitur</strong></span> <span class='ocrx_word' id='word_1_42' title='bbox 604 2847 754 2937; x_wconf 86' lang='lat' dir='ltr'><strong>Lipsiam.</strong></span> <span class='ocrx_word' id='word_1_43' title='bbox 897 2822 900 2843; x_wconf 47' lang='lat'>⁸</span> 
     </span>
     <span class='ocr_line' id='line_1_7' title="bbox 213 2986 706 3084; baseline -0.008 -30"><span class='ocrx_word' id='word_1_44' title='bbox 213 2999 247 3062; x_wconf 83' lang='lat'><strong>8.</strong></span> <span class='ocrx_word' id='word_1_45' title='bbox 305 2989 380 3084; x_wconf 86' lang='lat' dir='ltr'><strong>Mel.</strong></span> <span class='ocrx_word' id='word_1_46' title='bbox 392 2991 470 3051; x_wconf 88' lang='lat' dir='ltr'><strong>redit</strong></span> <span class='ocrx_word' id='word_1_47' title='bbox 484 2986 706 3072; x_wconf 86' lang='lat' dir='ltr'><strong>Witebergam.</strong></span> 
     </span>
     <span class='ocr_line' id='line_1_8' title="bbox 192 3120 1831 3212; baseline 0.002 -23"><span class='ocrx_word' id='word_1_48' title='bbox 192 3135 249 3196; x_wconf 89' lang='lat'><strong>10.</strong></span> <span class='ocrx_word' id='word_1_49' title='bbox 304 3126 400 3189; x_wconf 86' lang='lat' dir='ltr'><strong>Fama</strong></span> <span class='ocrx_word' id='word_1_50' title='bbox 415 3125 548 3209; x_wconf 91' lang='lat' dir='ltr'><strong>undique</strong></span> <span class='ocrx_word' id='word_1_51' title='bbox 561 3146 662 3207; x_wconf 85' lang='lat' dir='ltr'><strong>sparsa</strong></span> <span class='ocrx_word' id='word_1_52' title='bbox 676 3129 710 3186; x_wconf 89' lang='lat' dir='ltr'><strong>in</strong></span> <span class='ocrx_word' id='word_1_53' title='bbox 725 3120 903 3204; x_wconf 83' lang='lat' dir='ltr'><strong>Germania,</strong></span> <span class='ocrx_word' id='word_1_54' title='bbox 931 3123 1087 3190; x_wconf 84' lang='lat' dir='ltr'><strong>Gaesarem</strong></span> <span class='ocrx_word' id='word_1_55' title='bbox 1104 3132 1227 3212; x_wconf 87' lang='lat' dir='ltr'><strong>periisse</strong></span> <span class='ocrx_word' id='word_1_56' title='bbox 1239 3132 1273 3190; x_wconf 90' lang='lat' dir='ltr'><strong>in</strong></span> <span class='ocrx_word' id='word_1_57' title='bbox 1289 3127 1377 3190; x_wconf 88' lang='lat' dir='ltr'><strong>undis</strong></span> <span class='ocrx_word' id='word_1_58' title='bbox 1391 3129 1525 3190; x_wconf 78' lang='lat' dir='ltr'><strong>morlain</strong></span> <span class='ocrx_word' id='word_1_59' title='bbox 1543 3127 1643 3190; x_wconf 89' lang='lat' dir='ltr'><strong>reditu</strong></span> <span class='ocrx_word' id='word_1_60' title='bbox 1657 3149 1697 3192; x_wconf 87' lang='lat' dir='ltr'><strong>ex</strong></span> <span class='ocrx_word' id='word_1_61' title='bbox 1712 3123 1831 3197; x_wconf 77' lang='lat' dir='ltr'><strong>Africa.</strong></span> 
     </span>
    </p>
   </div>
   <div class='ocr_carea' id='block_1_4' title="bbox 190 3255 2213 3449">
    <p class='ocr_par' dir='ltr' id='par_1_4' title="bbox 190 3255 2213 3449">
     <span class='ocr_line' id='line_1_9' title="bbox 190 3255 2213 3346; baseline 0 -17"><span class='ocrx_word' id='word_1_62' title='bbox 190 3263 248 3330; x_wconf 87' lang='lat'><strong>16.</strong></span> <span class='ocrx_word' id='word_1_63' title='bbox 305 3262 495 3325; x_wconf 85' lang='lat' dir='ltr'><strong>Hermannus</strong></span> <span class='ocrx_word' id='word_1_64' title='bbox 515 3255 704 3343; x_wconf 83' lang='lat' dir='ltr'><strong>Archiepisc.</strong></span> <span class='ocrx_word' id='word_1_65' title='bbox 721 3257 911 3325; x_wconf 69' lang='lat' dir='ltr'><strong>coloniensis</strong></span> <span class='ocrx_word' id='word_1_66' title='bbox 929 3265 1024 3344; x_wconf 88' lang='lat' dir='ltr'><strong>petit,</strong></span> <span class='ocrx_word' id='word_1_67' title='bbox 1059 3275 1094 3325; x_wconf 91' lang='lat' dir='ltr'><strong>ut</strong></span> <span class='ocrx_word' id='word_1_68' title='bbox 1109 3261 1290 3326; x_wconf 80' lang='lat' dir='ltr'><strong>Melanthea</strong></span> <span class='ocrx_word' id='word_1_69' title='bbox 1312 3267 1448 3325; x_wconf 90' lang='lat' dir='ltr'><strong>mittatur</strong></span> <span class='ocrx_word' id='word_1_70' title='bbox 1471 3257 1633 3324; x_wconf 82' lang='lat' dir='ltr'><strong>Coloniam</strong></span> <span class='ocrx_word' id='word_1_71' title='bbox 1651 3263 1690 3324; x_wconf 91' lang='lat' dir='ltr'><strong>ad</strong></span> <span class='ocrx_word' id='word_1_72' title='bbox 1709 3268 1948 3346; x_wconf 81' lang='lat' dir='ltr'><strong>promovendam</strong></span> <span class='ocrx_word' id='word_1_73' title='bbox 1972 3276 2213 3344; x_wconf 57' lang='lat' dir='ltr'><strong>emendationem</strong></span> 
     </span>
     <span class='ocr_line' id='line_1_10' title="bbox 356 3359 1657 3449; baseline 0.004 -22"><span class='ocrx_word' id='word_1_74' title='bbox 356 3364 585 3428; x_wconf 76' lang='grc'><strong>1111111111.-</strong></span> <span class='ocrx_word' id='word_1_75' title='bbox 635 3359 714 3424; x_wconf 84' lang='lat' dir='ltr'><strong>Item</strong></span> <span class='ocrx_word' id='word_1_76' title='bbox 728 3367 804 3446; x_wconf 89' lang='lat' dir='ltr'><strong>petit</strong></span> <span class='ocrx_word' id='word_1_77' title='bbox 817 3361 953 3427; x_wconf 89' lang='lat' dir='ltr'><strong>Bucerus</strong></span> <span class='ocrx_word' id='word_1_78' title='bbox 966 3367 999 3426; x_wconf 92' lang='lat' dir='ltr'><strong>in</strong></span> <span class='ocrx_word' id='word_1_79' title='bbox 1014 3367 1109 3427; x_wconf 89' lang='lat' dir='ltr'><strong>literis</strong></span> <span class='ocrx_word' id='word_1_80' title='bbox 1124 3367 1163 3428; x_wconf 90' lang='grc'><strong>11</strong></span> <span class='ocrx_word' id='word_1_81' title='bbox 1176 3365 1349 3449; x_wconf 86' lang='lat' dir='ltr'><strong>Principem</strong></span> <span class='ocrx_word' id='word_1_82' title='bbox 1363 3363 1534 3428; x_wconf 88' lang='lat' dir='ltr'><strong>Electorem</strong></span> <span class='ocrx_word' id='word_1_83' title='bbox 1547 3367 1657 3432; x_wconf 78' lang='lat' dir='ltr'><strong>missis.</strong></span> 
     </span>
    </p>
   </div>
   <div class='ocr_carea' id='block_1_5' title="bbox 189 3471 1903 3850">
    <p class='ocr_par' dir='ltr' id='par_1_5' title="bbox 189 3471 1903 3850">
     <span class='ocr_line' id='line_1_11' title="bbox 307 3471 1143 3563; baseline 0.002 -3"><span class='ocrx_word' id='word_1_84' title='bbox 307 3497 382 3563; x_wconf 83' lang='lat' dir='ltr'><strong>Mel.</strong></span> <span class='ocrx_word' id='word_1_85' title='bbox 394 3499 585 3561; x_wconf 75' lang='lat' dir='ltr'><strong>commendat</strong></span> <span class='ocrx_word' id='word_1_86' title='bbox 596 3494 798 3560; x_wconf 85' lang='lat' dir='ltr'><strong>Northusanis</strong></span> <span class='ocrx_word' id='word_1_87' title='bbox 811 3471 969 3560; x_wconf 79' lang='grc'><strong>1111111111</strong></span> <span class='ocrx_word' id='word_1_88' title='bbox 982 3495 1143 3563; x_wconf 79' lang='lat' dir='ltr'><strong>Alterum.</strong></span> 
     </span>
     <span class='ocr_line' id='line_1_12' title="bbox 193 3626 1903 3716; baseline -0.001 -15"><span class='ocrx_word' id='word_1_89' title='bbox 193 3641 250 3703; x_wconf 87' lang='lat'><strong>17.</strong></span> <span class='ocrx_word' id='word_1_90' title='bbox 310 3631 442 3696; x_wconf 88' lang='lat' dir='ltr'><strong>Comitia</strong></span> <span class='ocrx_word' id='word_1_91' title='bbox 452 3633 601 3694; x_wconf 70' lang='lat' dir='ltr'><strong>habentur</strong></span> <span class='ocrx_word' id='word_1_92' title='bbox 615 3628 848 3714; x_wconf 89' lang='lat' dir='ltr'><strong>Norimbergae,</strong></span> <span class='ocrx_word' id='word_1_93' title='bbox 874 3631 1059 3716; x_wconf 75' lang='lat' dir='ltr'><strong>praesidibus</strong></span> <span class='ocrx_word' id='word_1_94' title='bbox 1076 3629 1101 3694; x_wconf 88' lang='lat' dir='ltr'>F</span> <span class='ocrx_word' id='word_1_95' title='bbox 1102 3631 1265 3694; x_wconf 89' lang='lat' dir='ltr'><strong>erdinando</strong></span> <span class='ocrx_word' id='word_1_96' title='bbox 1280 3652 1368 3714; x_wconf 88' lang='lat' dir='ltr'><strong>rege,</strong></span> <span class='ocrx_word' id='word_1_97' title='bbox 1394 3642 1424 3693; x_wconf 89' lang='lat' dir='ltr'><strong>et</strong></span> <span class='ocrx_word' id='word_1_98' title='bbox 1441 3626 1619 3710; x_wconf 83' lang='lat' dir='ltr'><strong>Granvella,</strong></span> <span class='ocrx_word' id='word_1_99' title='bbox 1647 3628 1779 3696; x_wconf 85' lang='lat' dir='ltr'><strong>Caesaris</strong></span> <span class='ocrx_word' id='word_1_100' title='bbox 1795 3637 1903 3715; x_wconf 82' lang='lat' dir='ltr'><strong>legato.</strong></span> 
     </span>
     <span class='ocr_line' id='line_1_13' title="bbox 189 3753 1207 3850; baseline -0.003 -18"><span class='ocrx_word' id='word_1_101' title='bbox 189 3774 260 3840; x_wconf 55' lang='lat' dir='ltr'><strong>26s</strong></span> <span class='ocrx_word' id='word_1_102' title='bbox 306 3767 381 3833; x_wconf 89' lang='lat' dir='ltr'><strong>Mel.</strong></span> <span class='ocrx_word' id='word_1_103' title='bbox 397 3767 559 3850; x_wconf 74' lang='lat' dir='ltr'><strong>respondet</strong></span> <span class='ocrx_word' id='word_1_104' title='bbox 573 3767 612 3828; x_wconf 92' lang='lat' dir='ltr'><strong>ad</strong></span> <span class='ocrx_word' id='word_1_105' title='bbox 623 3769 747 3848; x_wconf 89' lang='lat' dir='ltr'><strong>longam</strong></span> <span class='ocrx_word' id='word_1_106' title='bbox 762 3765 1005 3828; x_wconf 89' lang='lat' dir='ltr'><strong>deliberationem</strong></span> <span class='ocrx_word' id='word_1_107' title='bbox 1018 3770 1158 3834; x_wconf 88' lang='lat' dir='ltr'><strong>aulicam.</strong></span> <span class='ocrx_word' id='word_1_108' title='bbox 1204 3753 1207 3761; x_wconf 43' lang='lat'><strong>⁴</strong></span> 
     </span>
    </p>
   </div>
   <div class='ocr_carea' id='block_1_6' title="bbox 189 3897 2216 3983">
    <p class='ocr_par' dir='ltr' id='par_1_6' title="bbox 189 3897 2216 3983">
     <span class='ocr_line' id='line_1_14' title="bbox 189 3897 2216 3983; baseline 0.008 -18"><span class='ocrx_word' id='word_1_109' title='bbox 189 3913 247 3975; x_wconf 79' lang='lat'><strong>29.</strong></span> <span class='ocrx_word' id='word_1_110' title='bbox 309 3900 355 3969; x_wconf 87' lang='grc' dir='ltr'><strong>Μ.</strong></span> <span class='ocrx_word' id='word_1_111' title='bbox 369 3903 407 3963; x_wconf 91' lang='grc'><strong>11</strong></span> <span class='ocrx_word' id='word_1_112' title='bbox 422 3897 622 3983; x_wconf 80' lang='lat' dir='ltr'><strong>Myconium:</strong></span> <span class='ocrx_word' id='word_1_113' title='bbox 651 3899 744 3980; x_wconf 90' lang='lat' dir='ltr'><strong>„Nos</strong></span> <span class='ocrx_word' id='word_1_114' title='bbox 760 3904 803 3963; x_wconf 91' lang='lat' dir='ltr'><strong>ita</strong></span> <span class='ocrx_word' id='word_1_115' title='bbox 818 3924 922 3964; x_wconf 89' lang='lat' dir='ltr'><strong>sumus</strong></span> <span class='ocrx_word' id='word_1_116' title='bbox 937 3904 1036 3964; x_wconf 89' lang='lat' dir='ltr'><strong>obruti</strong></span> <span class='ocrx_word' id='word_1_117' title='bbox 1049 3903 1219 3979; x_wconf 77' lang='lat' dir='ltr'><strong>laboribus,</strong></span> <span class='ocrx_word' id='word_1_118' title='bbox 1245 3911 1379 3980; x_wconf 87' lang='lat' dir='ltr'><strong>utsaepe</strong></span> <span class='ocrx_word' id='word_1_119' title='bbox 1401 3897 1533 3979; x_wconf 80' lang='lat' dir='ltr'><strong>defuga</strong></span> <span class='ocrx_word' id='word_1_120' title='bbox 1550 3901 1700 3982; x_wconf 85' lang='lat' dir='ltr'><strong>cogitem,</strong></span> <span class='ocrx_word' id='word_1_121' title='bbox 1727 3921 1761 3962; x_wconf 92' lang='lat' dir='ltr'><strong>ac</strong></span> <span class='ocrx_word' id='word_1_122' title='bbox 1784 3904 1844 3963; x_wconf 92' lang='lat' dir='ltr'><strong>nisi</strong></span> <span class='ocrx_word' id='word_1_123' title='bbox 1866 3925 1914 3966; x_wconf 88' lang='lat' dir='ltr'><strong>me</strong></span> <span class='ocrx_word' id='word_1_124' title='bbox 1930 3921 2065 3975; x_wconf 87' lang='lat' dir='ltr'><strong>senectus</strong></span> <span class='ocrx_word' id='word_1_125' title='bbox 2088 3928 2117 3978; x_wconf 91' lang='lat' dir='ltr'><strong>et</strong></span> <span class='ocrx_word' id='word_1_126' title='bbox 2138 3921 2216 3981; x_wconf 85' lang='lat' dir='ltr'><strong>vitae</strong></span> 
     </span>
    </p>
   </div>
   <div class='ocr_carea' id='block_1_7' title="bbox 174 4001 1628 4173">
    <p class='ocr_par' dir='ltr' id='par_1_7' title="bbox 174 4001 1628 4173">
     <span class='ocr_line' id='line_1_15' title="bbox 358 4001 1628 4089; baseline -0.004 -22"><span class='ocrx_word' id='word_1_127' title='bbox 358 4007 505 4087; x_wconf 73' lang='lat' dir='ltr'><strong>longioris</strong></span> <span class='ocrx_word' id='word_1_128' title='bbox 518 4002 683 4086; x_wconf 87' lang='lat' dir='ltr'><strong>desperatio</strong></span> <span class='ocrx_word' id='word_1_129' title='bbox 698 4016 830 4084; x_wconf 89' lang='lat' dir='ltr'><strong>teneret,</strong></span> <span class='ocrx_word' id='word_1_130' title='bbox 854 4008 979 4068; x_wconf 86' lang='lat' dir='ltr'><strong>latebras</strong></span> <span class='ocrx_word' id='word_1_131' title='bbox 993 4009 1108 4089; x_wconf 89' lang='lat' dir='ltr'><strong>aliquas</strong></span> <span class='ocrx_word' id='word_1_132' title='bbox 1125 4007 1298 4086; x_wconf 89' lang='lat' dir='ltr'><strong>ubicunque</strong></span> <span class='ocrx_word' id='word_1_133' title='bbox 1314 4005 1601 4082; x_wconf 87' lang='lat' dir='ltr'><strong>circumspectarem.</strong></span> <span class='ocrx_word' id='word_1_134' title='bbox 1610 4001 1628 4024; x_wconf 88' lang='lat'><strong>&#39;’</strong></span> 
     </span>
     <span class='ocr_line' id='line_1_16' title="bbox 174 4110 261 4173; baseline 0.08 -7"><span class='ocrx_word' id='word_1_135' title='bbox 174 4110 261 4173; x_wconf 77' lang='lat' dir='ltr'><strong>Febr.</strong></span> 
     </span>
    </p>
   </div>
   <div class='ocr_carea' id='block_1_8' title="bbox 192 4211 1572 4689">
    <p class='ocr_par' dir='ltr' id='par_1_8' title="bbox 195 4211 719 4280">
     <span class='ocr_line' id='line_1_17' title="bbox 195 4211 719 4280; baseline -0.004 0"><span class='ocrx_word' id='word_1_136' title='bbox 195 4219 249 4280; x_wconf 84' lang='lat'><strong>10.</strong></span> <span class='ocrx_word' id='word_1_137' title='bbox 306 4215 437 4280; x_wconf 87' lang='lat' dir='ltr'><strong>Moritur</strong></span> <span class='ocrx_word' id='word_1_138' title='bbox 452 4211 580 4277; x_wconf 88' lang='lat' dir='ltr'><strong>loannes</strong></span> <span class='ocrx_word' id='word_1_139' title='bbox 593 4211 719 4278; x_wconf 84' lang='lat' dir='ltr'><strong>Eckius.</strong></span> 
     </span>
    </p>

    <p class='ocr_par' dir='ltr' id='par_1_9' title="bbox 193 4343 1470 4432">
     <span class='ocr_line' id='line_1_18' title="bbox 193 4343 1470 4432; baseline -0.006 -19"><span class='ocrx_word' id='word_1_140' title='bbox 193 4353 248 4414; x_wconf 84' lang='lat'><strong>16.</strong></span> <span class='ocrx_word' id='word_1_141' title='bbox 307 4348 429 4415; x_wconf 85' lang='lat' dir='ltr'><strong>Laudes</strong></span> <span class='ocrx_word' id='word_1_142' title='bbox 444 4344 565 4424; x_wconf 83' lang='lat' dir='ltr'><strong>Ioannis</strong></span> <span class='ocrx_word' id='word_1_143' title='bbox 580 4347 720 4432; x_wconf 90' lang='lat' dir='ltr'><strong>Stigelii,</strong></span> <span class='ocrx_word' id='word_1_144' title='bbox 746 4355 869 4431; x_wconf 72' lang='lat' dir='ltr'><strong>poetae,</strong></span> <span class='ocrx_word' id='word_1_145' title='bbox 896 4350 998 4412; x_wconf 88' lang='lat' dir='ltr'><strong>scribit</strong></span> <span class='ocrx_word' id='word_1_146' title='bbox 1015 4349 1054 4410; x_wconf 93' lang='grc'><strong>11</strong></span> <span class='ocrx_word' id='word_1_147' title='bbox 1070 4343 1239 4430; x_wconf 85' lang='lat' dir='ltr'><strong>Georgium</strong></span> <span class='ocrx_word' id='word_1_148' title='bbox 1255 4344 1470 4409; x_wconf 86' lang='lat' dir='ltr'><strong>Anhaltinum.</strong></span> 
     </span>
    </p>

    <p class='ocr_par' dir='ltr' id='par_1_10' title="bbox 192 4443 1572 4689">
     <span class='ocr_line' id='line_1_19' title="bbox 193 4443 1572 4563; baseline -0.006 -16"><span class='ocrx_word' id='word_1_149' title='bbox 193 4487 250 4549; x_wconf 86' lang='lat'><strong>17.</strong></span> <span class='ocrx_word' id='word_1_150' title='bbox 308 4473 489 4563; x_wconf 77' lang='lat' dir='ltr'><strong>Mauritius,</strong></span> <span class='ocrx_word' id='word_1_151' title='bbox 513 4481 591 4546; x_wconf 84' lang='lat' dir='ltr'><strong>Dux</strong></span> <span class='ocrx_word' id='word_1_152' title='bbox 605 4479 740 4562; x_wconf 79' lang='lat' dir='ltr'><strong>Suom,</strong></span> <span class='ocrx_word' id='word_1_153' title='bbox 763 4482 909 4563; x_wconf 85' lang='lat' dir='ltr'><strong>declarat,</strong></span> <span class='ocrx_word' id='word_1_154' title='bbox 935 4504 966 4546; x_wconf 82' lang='lat' dir='ltr'><strong>se</strong></span> <span class='ocrx_word' id='word_1_155' title='bbox 979 4487 1063 4545; x_wconf 90' lang='lat' dir='ltr'><strong>nolle</strong></span> <span class='ocrx_word' id='word_1_156' title='bbox 1081 4483 1219 4546; x_wconf 87' lang='lat' dir='ltr'><strong>accedere</strong></span> <span class='ocrx_word' id='word_1_157' title='bbox 1231 4443 1270 4544; x_wconf 88' lang='lat' dir='ltr'><strong>ad</strong></span> <span class='ocrx_word' id='word_1_158' title='bbox 1282 4479 1402 4544; x_wconf 85' lang='lat' dir='ltr'><strong>Foedus</strong></span> <span class='ocrx_word' id='word_1_159' title='bbox 1420 4475 1572 4543; x_wconf 83' lang='lat' dir='ltr'><strong>Scbmalc.</strong></span> 
     </span>
     <span class='ocr_line' id='line_1_20' title="bbox 192 4613 1524 4689; baseline -0.005 -9"><span class='ocrx_word' id='word_1_160' title='bbox 192 4621 249 4684; x_wconf 88' lang='lat'><strong>18.</strong></span> <span class='ocrx_word' id='word_1_161' title='bbox 309 4619 384 4689; x_wconf 91' lang='lat' dir='ltr'><strong>Mel.</strong></span> <span class='ocrx_word' id='word_1_162' title='bbox 401 4620 504 4684; x_wconf 86' lang='lat' dir='ltr'><strong>scribit</strong></span> <span class='ocrx_word' id='word_1_163' title='bbox 517 4618 556 4679; x_wconf 90' lang='grc'><strong>11</strong></span> <span class='ocrx_word' id='word_1_164' title='bbox 570 4613 732 4679; x_wconf 82' lang='lat' dir='ltr'><strong>Albertum</strong></span> <span class='ocrx_word' id='word_1_165' title='bbox 747 4614 867 4682; x_wconf 88' lang='lat' dir='ltr'><strong>Ducem</strong></span> <span class='ocrx_word' id='word_1_166' title='bbox 880 4617 1019 4682; x_wconf 88' lang='lat' dir='ltr'><strong>Prnssiae</strong></span> <span class='ocrx_word' id='word_1_167' title='bbox 1033 4617 1071 4679; x_wconf 87' lang='lat' dir='ltr'><strong>de</strong></span> <span class='ocrx_word' id='word_1_168' title='bbox 1084 4630 1163 4678; x_wconf 87' lang='lat' dir='ltr'><strong>recta</strong></span> <span class='ocrx_word' id='word_1_169' title='bbox 1178 4615 1369 4680; x_wconf 89' lang='lat' dir='ltr'><strong>instituendis</strong></span> <span class='ocrx_word' id='word_1_170' title='bbox 1382 4616 1524 4678; x_wconf 87' lang='lat' dir='ltr'><strong>ecclesiis.</strong></span> 
     </span>
    </p>
   </div>
   <div class='ocr_carea' id='block_1_9' title="bbox 174 4744 2194 4946">
    <p class='ocr_par' dir='ltr' id='par_1_11' title="bbox 174 4744 2194 4946">
     <span class='ocr_line' id='line_1_21' title="bbox 190 4744 2194 4854; baseline 0.001 -37"><span class='ocrx_word' id='word_1_171' title='bbox 190 4757 251 4818; x_wconf 77' lang='lat'><strong>22.</strong></span> <span class='ocrx_word' id='word_1_172' title='bbox 309 4754 455 4835; x_wconf 86' lang='lat' dir='ltr'><strong>Dubitat,</strong></span> <span class='ocrx_word' id='word_1_173' title='bbox 481 4775 519 4815; x_wconf 93' lang='lat' dir='ltr'><strong>an</strong></span> <span class='ocrx_word' id='word_1_174' title='bbox 533 4752 681 4815; x_wconf 89' lang='lat' dir='ltr'><strong>conducat</strong></span> <span class='ocrx_word' id='word_1_175' title='bbox 695 4754 752 4815; x_wconf 92' lang='lat' dir='ltr'><strong>iter</strong></span> <span class='ocrx_word' id='word_1_176' title='bbox 765 4752 863 4815; x_wconf 82' lang='lat' dir='ltr'><strong>iacere</strong></span> <span class='ocrx_word' id='word_1_177' title='bbox 875 4753 913 4816; x_wconf 95' lang='grc'><strong>11</strong></span> <span class='ocrx_word' id='word_1_178' title='bbox 929 4749 1204 4836; x_wconf 85' lang='lat' dir='ltr'><strong>Archiepisccpum</strong></span> <span class='ocrx_word' id='word_1_179' title='bbox 1222 4748 1446 4816; x_wconf 76' lang='lat' dir='ltr'><strong>coloniensem.</strong></span> <span class='ocrx_word' id='word_1_180' title='bbox 1498 4744 1590 4830; x_wconf 85' lang='lat' dir='ltr'><strong>(Vid.</strong></span> <span class='ocrx_word' id='word_1_181' title='bbox 1606 4753 1697 4813; x_wconf 86' lang='lat' dir='ltr'><strong>etiam</strong></span> <span class='ocrx_word' id='word_1_182' title='bbox 1712 4771 1761 4834; x_wconf 84' lang='lat' dir='ltr'><strong>ep.</strong></span> <span class='ocrx_word' id='word_1_183' title='bbox 1776 4751 1813 4814; x_wconf 91' lang='grc'><strong>11</strong></span> <span class='ocrx_word' id='word_1_184' title='bbox 1829 4748 1977 4818; x_wconf 84' lang='lat' dir='ltr'><strong>Gamerar.</strong></span> <span class='ocrx_word' id='word_1_185' title='bbox 1997 4758 2029 4822; x_wconf 92' lang='grc'><strong>1.</strong></span> <span class='ocrx_word' id='word_1_186' title='bbox 2045 4757 2194 4854; x_wconf 54' lang='grc'><strong>111111.)</strong></span> 
     </span>
     <span class='ocr_line' id='line_1_22' title="bbox 174 4879 265 4946; baseline 0 -1"><span class='ocrx_word' id='word_1_187' title='bbox 174 4879 265 4946; x_wconf 77' lang='lat' dir='ltr'><strong>liert.</strong></span> 
     </span>
    </p>
   </div>
   <div class='ocr_carea' id='block_1_10' title="bbox 192 4955 1436 5054">
    <p class='ocr_par' dir='ltr' id='par_1_12' title="bbox 192 4955 1436 5054">
     <span class='ocr_line' id='line_1_23' title="bbox 192 4955 1436 5054; baseline -0.007 -23"><span class='ocrx_word' id='word_1_188' title='bbox 192 4993 251 5054; x_wconf 73' lang='lat'><strong>12,</strong></span> <span class='ocrx_word' id='word_1_189' title='bbox 310 4961 499 5028; x_wconf 86' lang='lat' dir='ltr'><strong>Sententiam</strong></span> <span class='ocrx_word' id='word_1_190' title='bbox 514 4983 600 5026; x_wconf 89' lang='lat' dir='ltr'><strong>suam</strong></span> <span class='ocrx_word' id='word_1_191' title='bbox 614 4973 643 5023; x_wconf 89' lang='lat' dir='ltr'><strong>et</strong></span> <span class='ocrx_word' id='word_1_192' title='bbox 656 4955 788 5024; x_wconf 87' lang='lat' dir='ltr'><strong>Lntheri</strong></span> <span class='ocrx_word' id='word_1_193' title='bbox 804 4962 841 5024; x_wconf 90' lang='lat' dir='ltr'><strong>de</strong></span> <span class='ocrx_word' id='word_1_194' title='bbox 856 4964 999 5026; x_wconf 87' lang='lat' dir='ltr'><strong>descensu</strong></span> <span class='ocrx_word' id='word_1_195' title='bbox 1016 4959 1130 5027; x_wconf 85' lang='lat' dir='ltr'><strong>Christi</strong></span> <span class='ocrx_word' id='word_1_196' title='bbox 1146 4962 1183 5024; x_wconf 93' lang='lat' dir='ltr'><strong>ad</strong></span> <span class='ocrx_word' id='word_1_197' title='bbox 1196 4961 1310 5024; x_wconf 88' lang='lat' dir='ltr'><strong>inferos</strong></span> <span class='ocrx_word' id='word_1_198' title='bbox 1323 4963 1436 5028; x_wconf 89' lang='lat' dir='ltr'><strong>scribit.</strong></span> 
     </span>
    </p>
   </div>
   <div class='ocr_carea' id='block_1_11' title="bbox 282 5093 2221 5266">
    <p class='ocr_par' dir='ltr' id='par_1_13' title="bbox 282 5093 2221 5266">
     <span class='ocr_line' id='line_1_24' title="bbox 309 5093 2221 5183; baseline 0.005 -22"><span class='ocrx_word' id='word_1_199' title='bbox 309 5097 384 5162; x_wconf 87' lang='lat' dir='ltr'><strong>Mel.</strong></span> <span class='ocrx_word' id='word_1_200' title='bbox 401 5099 439 5160; x_wconf 87' lang='lat' dir='ltr'><strong>ad</strong></span> <span class='ocrx_word' id='word_1_201' title='bbox 454 5093 572 5160; x_wconf 81' lang='lat' dir='ltr'><strong>Antcn.</strong></span> <span class='ocrx_word' id='word_1_202' title='bbox 588 5093 728 5159; x_wconf 90' lang='lat' dir='ltr'><strong>Musam:</strong></span> <span class='ocrx_word' id='word_1_203' title='bbox 757 5095 867 5178; x_wconf 91' lang='lat' dir='ltr'><strong>„Mihi</strong></span> <span class='ocrx_word' id='word_1_204' title='bbox 879 5101 912 5160; x_wconf 91' lang='lat' dir='ltr'><strong>in</strong></span> <span class='ocrx_word' id='word_1_205' title='bbox 925 5103 994 5162; x_wconf 90' lang='lat' dir='ltr'><strong>aula</strong></span> <span class='ocrx_word' id='word_1_206' title='bbox 1007 5101 1157 5160; x_wconf 88' lang='lat' dir='ltr'><strong>calomnia</strong></span> <span class='ocrx_word' id='word_1_207' title='bbox 1176 5099 1302 5180; x_wconf 90' lang='lat' dir='ltr'><strong>insignis</strong></span> <span class='ocrx_word' id='word_1_208' title='bbox 1317 5095 1473 5161; x_wconf 85' lang='lat' dir='ltr'><strong>subeunda</strong></span> <span class='ocrx_word' id='word_1_209' title='bbox 1486 5093 1564 5174; x_wconf 83' lang='lat' dir='ltr'><strong>luit,</strong></span> <span class='ocrx_word' id='word_1_210' title='bbox 1589 5105 1747 5178; x_wconf 86' lang='lat' dir='ltr'><strong>propterea</strong></span> <span class='ocrx_word' id='word_1_211' title='bbox 1769 5097 1852 5180; x_wconf 90' lang='lat' dir='ltr'><strong>qnod</strong></span> <span class='ocrx_word' id='word_1_212' title='bbox 1869 5104 1991 5183; x_wconf 81' lang='lat' dir='ltr'><strong>rogavi,</strong></span> <span class='ocrx_word' id='word_1_213' title='bbox 2020 5115 2053 5166; x_wconf 90' lang='lat' dir='ltr'><strong>ut</strong></span> <span class='ocrx_word' id='word_1_214' title='bbox 2077 5106 2114 5168; x_wconf 86' lang='lat' dir='ltr'><strong>de</strong></span> <span class='ocrx_word' id='word_1_215' title='bbox 2136 5109 2221 5170; x_wconf 89' lang='lat' dir='ltr'><strong>ordi-</strong></span> 
     </span>
     <span class='ocr_line' id='line_1_25' title="bbox 282 5147 749 5266; baseline -0.009 0"><span class='ocrx_word' id='word_1_216' title='bbox 282 5147 288 5266; x_wconf 73' lang='grc'><strong>1</strong></span> <span class='ocrx_word' id='word_1_217' title='bbox 361 5203 484 5264; x_wconf 88' lang='lat' dir='ltr'><strong>natione</strong></span> <span class='ocrx_word' id='word_1_218' title='bbox 497 5203 573 5263; x_wconf 87' lang='lat' dir='ltr'><strong>ratio</strong></span> <span class='ocrx_word' id='word_1_219' title='bbox 587 5191 749 5263; x_wconf 55' lang='lat' dir='ltr'><strong>mirumst*</strong></span> 
     </span>
    </p>
   </div>
   <div class='ocr_carea' id='block_1_12' title="bbox 52 5330 1836 5432">
    <p class='ocr_par' dir='ltr' id='par_1_14' title="bbox 52 5330 1836 5432">
     <span class='ocr_line' id='line_1_26' title="bbox 52 5330 1836 5432; baseline -0.013 -22"><span class='ocrx_word' id='word_1_220' title='bbox 52 5421 67 5432; x_wconf 43' lang='grc'><strong>,</strong></span> <span class='ocrx_word' id='word_1_221' title='bbox 192 5349 249 5410; x_wconf 87' lang='grc'><strong>16.</strong></span> <span class='ocrx_word' id='word_1_222' title='bbox 310 5333 409 5399; x_wconf 90' lang='lat' dir='ltr'><strong>Mittit</strong></span> <span class='ocrx_word' id='word_1_223' title='bbox 422 5333 499 5398; x_wconf 87' lang='lat' dir='ltr'><strong>Vito</strong></span> <span class='ocrx_word' id='word_1_224' title='bbox 514 5333 679 5398; x_wconf 88' lang='lat' dir='ltr'><strong>Theodoro</strong></span> <span class='ocrx_word' id='word_1_225' title='bbox 694 5337 909 5398; x_wconf 87' lang='lat' dir='ltr'><strong>conciunculas</strong></span> <span class='ocrx_word' id='word_1_226' title='bbox 925 5334 963 5397; x_wconf 86' lang='lat' dir='ltr'><strong>de</strong></span> <span class='ocrx_word' id='word_1_227' title='bbox 978 5331 1074 5400; x_wconf 85' lang='lat' dir='ltr'><strong>Paulo</strong></span> <span class='ocrx_word' id='word_1_228' title='bbox 1089 5347 1120 5397; x_wconf 96' lang='lat' dir='ltr'><strong>et</strong></span> <span class='ocrx_word' id='word_1_229' title='bbox 1135 5331 1306 5419; x_wconf 84' lang='lat' dir='ltr'><strong>Polycarpo</strong></span> <span class='ocrx_word' id='word_1_230' title='bbox 1323 5345 1354 5397; x_wconf 89' lang='lat' dir='ltr'><strong>et</strong></span> <span class='ocrx_word' id='word_1_231' title='bbox 1366 5335 1601 5417; x_wconf 83' lang='lat' dir='ltr'><strong>explicationem</strong></span> <span class='ocrx_word' id='word_1_232' title='bbox 1618 5330 1655 5393; x_wconf 86' lang='lat' dir='ltr'><strong>de</strong></span> <span class='ocrx_word' id='word_1_233' title='bbox 1673 5332 1836 5415; x_wconf 81' lang='lat' dir='ltr'><strong>baptismo,</strong></span> 
     </span>
    </p>
   </div>
   <div class='ocr_carea' id='block_1_13' title="bbox 192 5457 1461 5644">
    <p class='ocr_par' dir='ltr' id='par_1_15' title="bbox 192 5457 1461 5644">
     <span class='ocr_line' id='line_1_27' title="bbox 192 5457 1407 5556; baseline -0.004 -21"><span class='ocrx_word' id='word_1_234' title='bbox 192 5481 250 5546; x_wconf 80' lang='lat'><strong>26.</strong></span> <span class='ocrx_word' id='word_1_235' title='bbox 309 5469 473 5556; x_wconf 86' lang='lat' dir='ltr'><strong>Myconius</strong></span> <span class='ocrx_word' id='word_1_236' title='bbox 490 5471 592 5532; x_wconf 89' lang='lat' dir='ltr'><strong>scribit</strong></span> <span class='ocrx_word' id='word_1_237' title='bbox 607 5467 798 5534; x_wconf 88' lang='lat' dir='ltr'><strong>Melanthoni</strong></span> <span class='ocrx_word' id='word_1_238' title='bbox 815 5469 853 5533; x_wconf 89' lang='grc'><strong>11</strong></span> <span class='ocrx_word' id='word_1_239' title='bbox 868 5482 948 5534; x_wconf 86' lang='lat' dir='ltr'><strong>statu</strong></span> <span class='ocrx_word' id='word_1_240' title='bbox 961 5467 1162 5536; x_wconf 84' lang='lat' dir='ltr'><strong>Ecclesiamm</strong></span> <span class='ocrx_word' id='word_1_241' title='bbox 1176 5473 1210 5534; x_wconf 91' lang='lat' dir='ltr'><strong>in</strong></span> <span class='ocrx_word' id='word_1_242' title='bbox 1226 5457 1407 5553; x_wconf 79' lang='lat' dir='ltr'><strong>Thuringia.</strong></span> 
     </span>
     <span class='ocr_line' id='line_1_28' title="bbox 228 5563 1461 5644; baseline -0.014 -2"><span class='ocrx_word' id='word_1_243' title='bbox 228 5577 407 5644; x_wconf 77' lang='grc'><strong>1111111111.</strong></span> <span class='ocrx_word' id='word_1_244' title='bbox 421 5573 525 5639; x_wconf 84' lang='grc'><strong>01111.</strong></span> <span class='ocrx_word' id='word_1_245' title='bbox 553 5571 693 5639; x_wconf 85' lang='lat' dir='ltr'><strong>Vor..V.</strong></span> <span class='ocrx_word' id='word_1_246' title='bbox 1437 5563 1461 5632; x_wconf 91' lang='lat' dir='ltr'><strong>b</strong></span> 
     </span>
    </p>
   </div>
   <div class='ocr_carea' id='block_1_14' title="bbox 0 0 2474 6244">
    <p class='ocr_par' dir='ltr' id='par_1_16' title="bbox 0 0 2474 6244">
     <span class='ocr_line' id='line_1_29' title="bbox 0 0 2474 6244; baseline 0 0"><span class='ocrx_word' id='word_1_247' title='bbox 0 0 2474 6244; x_wconf 95' lang='lat' dir='ltr'><strong> </strong></span> 
     </span>
    </p>
   </div>
  </div>
 </body>
</html>
