4842 6256
782 156 805 197 Q

303 271 381 350 223
890 261 1331 345 EPISTOLARUM
1381 274 1489 350 LlB.
1518 274 1582 356 lx,
1633 277 1768 358 1543.
2255 297 2316 372 Μ

302 457 346 518 ut
367 455 482 514 servet
503 440 667 512 ecclesiae
686 461 770 510 suae
793 439 1001 528 seminaria,
1034 441 1128 513 bona
1150 442 1303 533 ingenia,
1356 425 1423 519 No.
1441 445 1554 522 2794.
2117 405 2124 430 ¹
2210 476 2241 539 7·
2255 470 2319 538 No„

303 559 430 618 etnon
444 545 538 628 sinat
554 542 713 632 extingui
727 543 842 616 lucem
857 545 1051 616 doctrinae.
1100 543 1199 618 Bene
1215 546 1304 620 vale.
1356 542 1528 570 Μ
2215 565 2317 590 w·-

303 642 677 723 5.Novembr.1645.
1633 627 1669 720 Ῑ.
1705 634 2071 758 Spuugcnbergio.

1494 811 1593 870 Manlii
1611 813 1711 888 farrag.
1731 836 1759 888 p.
1772 817 1824 875 214
1838 841 1882 896 ag.

302 1051 360 1126 No
389 1049 490 1122 ωδ
1175 1060 1198 1122 7
1225 1051 1295 1118 ΝΟ,
1357 961 1518 1140 erlarii&
1532 968 1808 1144 gm’Jegngiq
1827 975 2030 1152 puditum
2045 993 2077 1156 ebt
2091 983 2220 1104 pa‘etata
2234 1009 2323 1083 proe-

362 1105 371 1124 ·
494 1102 504 1125 ·
787 1099 797 1108 ·
1201 1097 1209 1117 ·
1298 1101 1305 1117 ·
1394 1097 1476 1140 aar
1578 1125 1587 1144 .
1685 1101 1709 1144 a
2309 1127 2323 1142 -

313 1145 486 1178 w
912 1233 919 1248 ,
1043 1157 1046 1168 ’
1175 1145 1306 1172 Μ
1357 1095 1453 1244 itari
1466 1101 2322 1266 discissioeoNdridusoiriii,gddminhgddiarrhia

654 1229 715 1315 Μ·
748 1225 957 1314 emelia
1024 1294 1026 1302 ’
1700 1304 1768 1350 suo
1786 1283 2010 1370 venerando,

440 1408 562 1482 -Eptuot
579 1407 675 1465 litav.
694 1426 720 1480 p.
735 1405 787 1462 866
799 1426 861 1481 sqq.
1357 1386 1403 1478 S·
1425 1408 1470 1484 D.
1522 1410 1629 1486 Mitto
1650 1415 1717 1485 tibi
1737 1418 1921 1510 epistolam
1932 1415 1969 1517 *)
1986 1422 2215 1495 illustrissimi
2228 1421 2324 1496 Ducis

1358 1504 1556 1599 Prussioe,
1596 1515 1636 1585 in
1665 1541 1735 1610 qua
1765 1533 1799 1590 te
1827 1523 1871 1590 ad
1897 1527 2191 1614 gubernationem
2211 1523 2323 1598 scholae

1358 1637 1480 1684 recens
1501 1618 1709 1689 constitutae
1733 1620 1869 1696 invitat.
1922 1623 2092 1698 Arbitror
2115 1630 2208 1697 enim
2227 1632 2323 1698 docto·

1359 1717 1407 1786 ris
1429 1717 1557 1788 medici
1580 1721 1840 1811 praedicatione
1861 1741 1895 1796 te
1917 1728 1950 1795 ei
1967 1733 2245 1800 commendatum
2261 1752 2322 1800 esse.

304 1777 350 1876 S.
375 1800 421 1878 D.
475 1799 694 1892 Magnopere
711 1814 744 1870 te
759 1826 843 1887 oro,
870 1797 1075 1872 charissime
1088 1796 1242 1885 Marce,
1268 1817 1310 1875 ut
1358 1813 1407 1887 Et
1430 1820 1586 1908 proiecto
1610 1809 1670 1890 tu'a
1694 1822 1807 1894 virtus
1828 1827 1937 1917 digna
1960 1844 2012 1900 est
2034 1833 2156 1902 favore
2175 1833 2322 1902 bonorum

304 1908 395 1980 boni
427 1905 608 1988 consulas,
651 1906 749 1996 quod
778 1904 915 1974 tardius
942 1908 1150 1995 respondeo.
1217 1904 1308 1976 Nam
1359 1919 1574 2012 principum.
1624 1919 1703 1992 Etsi
1728 1927 1882 1998 arbitror
1903 1944 1937 2001 te
1960 1932 2038 2002 istic
2060 1935 2106 2002 ab
2121 1929 2322 2004 Ecclesiam-

312 2033 397 2080 cum
421 2009 568 2089 scirem,
609 2005 699 2074 istuc
722 2007 970 2076 flddsscffldum
995 2031 1069 2076 ⁰⁸⁸0
1092 2008 1204 2077 fllium
1225 2008 1310 2080 Cla·
1360 2021 1483 2106 lineri,
1517 2045 1607 2115 quae
1632 2037 1735 2097 antea
1759 2029 1863 2098 etiam
1888 2033 2139 2122 migrationem
2155 2035 2323 2105 breviorem

303 2110 440 2184 rissimi
463 2108 534 2178 viri
558 2101 986 2192 unocurisBlieardi,
1020 2111 1206 2194 constitui,
1240 2110 1308 2200 ipsi
1359 2124 1543 2214 deprecata
1568 2140 1637 2196 est:
1678 2131 2061 2220 umen1510133m135‚
2103 2150 2145 2208 ut
2168 2136 2323 2214 deliberes,

304 2214 428 2284 literas
445 2211 595 2284 tradere.
648 2203 701 2278 Ac
716 2209 873 2300 primum
889 2227 1017 2301 'precor
1032 2207 1167 2296 Deum,
1193 2225 1309 2282 aeter·
1359 2223 1445 2316 quid
1462 2249 1504 2294 ex
1521 2251 1560 2295 re
1576 2241 1637 2297 tua
1655 2249 1728 2298 esse
1743 2232 1867 2302 ducas:
1904 2253 1944 2304 ac
1966 2231 2056 2305 mihi
2079 2262 2145 2330 per
2167 2237 2323 2307 fortuitum

304 2339 394 2385 uum
419 2311 559 2384 Patrem
583 2308 656 2384 Du.
687 2311 801 2380 nostri
827 2309 905 2381 lesu
925 2306 1080 2382 Christi:
1122 2325 1162 2383 ut
1190 2314 1306 2384 studia
1359 2326 1582 2398 tabellarium
1613 2353 1721 2423 quam
1751 2332 1910 2428 primum¹
1936 2339 2089 2428 poteris,
2131 2337 2323 2431 respoudeat·

304 2418 364 2510 pia
383 2429 422 2485 et
443 2411 622 2484 Ecclesiae
646 2413 842 2484 necessaria
867 2427 1043 2504 protegat,
1084 2427 1118 2484 et
1140 2413 1308 2484 iuventu—
1360 2425 1528 2522 Princeps
1550 2431 1628 2500 vult
1651 2455 1706 2502 me
1728 2428 1945 2508 hortatorem
1962 2443 2035 2508 esse
2050 2441 2261 2534 suscipiendi
2274 2433 2325 2506 ho·

304 2531 379 2589 tem
394 2529 501 2606 regat.
548 2513 674 2586 Serve!
689 2514 795 2583 etium
812 2509 907 2584 hunc
923 2515 1191 2588 adolescentem·
1233 2513 1306 2586 Nec
1357 2527 1413 2598 ius
1435 2531 1612 2617 muneris,
1647 2547 1682 2604 ct
1704 2537 1857 2626 optarim
1882 2539 1915 2607 ei
1935 2535 2083 2610 scholae
2104 2544 2195 2613 bene
2214 2537 2327 2612 consul-

305 2643 391 2690 vero
415 2617 564 2701 dubito,
603 2615 694 2708 quin
713 2639 780 2706 pro
802 2629 862 2686 tua
884 2617 958 2684 fide
979 2629 1015 2685 et
1036 2616 1185 2701 virtute,
1225 2630 1306 2690 Utu-
1356 2643 1444 2705 tum.
1502 2631 1574 2704 Sed
1592 2628 1655 2706 'tua
1680 2650 1773 2707 aetas
1795 2652 1830 2707 et
1852 2640 1988 2711 familia
2012 2645 2108 2736 quid
2130 2647 2219 2715 serre
2238 2649 2327 2735 queat

306 2745 417 2814 qnam
431 2719 555 2804 Pater,
588 2717 848 2788 adolescentem
865 2717 1124 2805 gubernaturus
1138 2719 1185 2788 sis
1208 2742 1305 2790 sum·
1356 2733 1553 2804 considero.
1616 2733 1703 2808 Tibi
1725 2739 1835 2829 igitur
1858 2742 2160 2816 deliberationem
2184 2747 2327 2834 integram

306 2847 366 2892 ma
389 2821 573 2904 comitate,
604 2832 726 2888 tamen
749 2830 784 2888 et
805 2816 920 2888 Patris
942 2818 1087 2888 nomine
1110 2831 1147 2892 et
1168 2844 1247 2892 meo
1269 2835 1304 2892 te
1354 2835 1536 2928 relinquo:
1562 2849 1666 2931 teque
1681 2864 1745 2909 oro
1763 2857 1804 2912 ut
1818 2845 1989 2914 rescribas
2003 2845 2190 2939 principi,
2214 2835 2327 2918 acmihi

307 2926 487 2994 orandum
508 2943 582 2992 esse
604 2920 707 2990 duxi:
750 2931 792 2988 ut
816 2931 897 2989 tuae
926 2919 1082 2991 familiae
1112 2921 1304 3012 adiungere
1355 2935 1475 3006 literas
1498 2937 1635 3024 mittas,
1674 2941 1851 3036 simulque
1876 2957 1974 3014 tuam
1998 2951 2217 3020 sententiam
2243 2941 2328 3035 signi·

309 3049 392 3096 eum
408 3025 514 3109 velis,
546 3035 580 3093 et
598 3015 794 3114 provehere
811 3020 992 3111 ingenium
1008 3025 1053 3093 ad
1071 3023 1254 3107 literarum
1270 3039 1304 3094 et
1354 3038 1445 3111 lices.
1496 3037 1656 3110 Salutem
1679 3056 1763 3134 opto
1785 3045 1938 3135 collegae
1964 3062 2023 3118 tuo
2040 3045 2225 3138 Antonio,
2252 3047 2327 3118 cuiut

306 3120 449 3220 pietatis
483 3124 733 3216 cognitionem.
800 3119 940 3206 Iudico,
980 3121 1137 3194 indolem
1171 3126 1303 3198 bonam
1354 3139 1536 3209 silentium
1551 3156 1761 3234 perpetuum
1777 3145 1901 3222 miror.
1952 3145 2050 3221 Bene
2072 3154 2207 3240 valete,
2230 3145 2328 3226 7.N0·

203 3281 208 3286 .
307 3253 399 3314 esse,
438 3241 473 3300 et
503 3226 667 3297 docilem.
728 3219 889 3293 Aetatem
914 3248 996 3296 vero
1022 3228 1121 3297 vides
1145 3239 1303 3300 teneram
1342 3243 1519 3316 cambris,
2139 3233 2142 3242 ¹

308 3355 400 3416 esse,
430 3353 539 3422 qnam
554 3327 620 3396 scis
638 3325 800 3394 comitate
816 3327 989 3395 sermonis
1005 3330 1300 3408 assuefaciendam

309 3455 395 3506 esse.
461 3429 548 3500 Fuit
570 3420 668 3496 mihi
700 3449 780 3496 cum
814 3424 918 3498 Patie
950 3429 1105 3501 amicitia
1134 3455 1225 3522 pene
1256 3433 1301 3502 ab

308 3533 495 3626 utriusque
511 3527 679 3621 pueritia,
710 3541 875 3597 constans
892 3542 925 3598 et
940 3532 1015 3598 sine
1033 3533 1302 3619 offensionibus,
1351 3575 1407 3648 No
1433 3571 1536 3650 2795

309 3659 381 3728 qua
396 3658 437 3702 ex
452 3657 491 3702 re
505 3630 622 3700 Patris
638 3627 845 3718 gravitatem
864 3632 1047 3702 aestimare
1059 3633 1204 3724 poteris.
1253 3632 1302 3704 Et
1358 3632 1548 3706 φημ’

308 3737 476 3828 pietatem
510 3744 621 3816 amat,
665 3741 700 3798 et
736 3730 817 3800 usui
854 3746 907 3802 est
945 3727 1027 3803 huic
1059 3732 1301 3830 Reipublicae.
1657 3760 1763 3851 Vito
1797 3765 2021 3852 neodom

309 3837 432 3926 Quare
455 3849 490 3905 et
513 3857 575 3924 ego
596 3832 629 3900 ei
649 3829 782 3922 optime
805 3833 908 3920 volo,
941 3847 975 3904 et
998 3849 1101 3926 opto,
1134 3852 1174 3909 ut
1196 3837 1301 3909 liberi
1785 3875 1790 3896 κ
2024 3831 2035 3854 “

309 3939 480 4008 floreant:
520 3947 554 4004 te
580 3955 721 4027 quoque
747 3933 824 4003 viro
847 3935 913 4005 tali
936 3937 1090 4008 libinter
1114 3938 1301 4029 gratificari
1362 4010 1364 4018 ,
1422 3940 1677 4064 Editapraupfno
1696 3942 1901 4027 mapparum
1922 3947 2057 4034 ¹titt-tv.
2078 3971 2107 4026 p.
2122 3953 2224 4026 utiq..
2241 3945 2330 4065 fipetp

309 4063 385 4110 non
410 4037 547 4112 dubito.
610 4029 661 4106 Et
682 4033 935 4125 gratitudinem
964 4061 1064 4108 suam
1092 4042 1160 4112 tibi
1185 4043 1301 4113 decla-
1455 4027 1605 4135 ffiossgg
1622 4024 1738 4154 922¹?
1758 4015 1859 4087 ‘⁶⁴⁷⁶'
1917 4017 2005 4073 ⁰⁰¹¹¹¹¹
2025 4023 2222 4098 '‘¹¹⁰⁸‘⁸P¹¹⁰¹¹
2240 4037 2266 4074 ¹⁰
2283 4033 2328 4071 ‘⁰'

309 4140 415 4213 rabit.
1493 4238 1501 4257 .
1937 4211 1941 4223 ,
2010 4245 2019 4264 .
2225 4247 2232 4268 .
2309 4237 2315 4258 Ι

411 4266 692 4339 DeDialecticae
714 4269 887 4339 exercitiis
914 4271 952 4339 in
978 4267 1107 4344 Schola
1129 4288 1189 4345 tua
1213 4271 1302 4345 mihi
1352 4234 1407 4308 D·
1433 4233 1551 4316 ΗΟ
1576 4233 1837 4327 Τήιοἅο’0’
1874 4237 2333 4348 ᾰοῧθηῗιΕναηὸθῙωΜ

310 4373 439 4465 placet:
478 4385 518 4441 ut
541 4373 762 4440 auditoribus
787 4396 863 4440 eam
886 4397 1074 4464 proponas.
1133 4373 1181 4446 Et
1203 4377 1303 4463 velle,
1571 4338 1743 4414 E⁶⁶l⁶⁸¹⁸⁰
1759 4338 1844 4418 Nm
1846 4342 2046 4442 ib2'850551
2075 4359 2141 4423 αὖ·
2234 4379 2239 4386 ’

310 4473 489 4546 assuefieri
510 4474 728 4542 iuventutem
751 4475 796 4542 ad
814 4475 919 4543 unius
936 4476 1021 4562 libri
1036 4478 1185 4566 regulas.
1236 4477 1312 4548 via
1352 4459 1437 4545 Nos
1460 4500 1544 4545 vero
1566 4464 1748 4546 Carolum
1775 4503 1850 4550 non
1873 4503 2027 4568 cessare,
2066 4487 2254 4567 audimus,
2289 4473 2335 4547 sed

310 4579 372 4647 des
389 4575 503 4662 enim,
535 4576 703 4646 varietate
727 4575 893 4666 impediri
911 4577 1093 4650 discentes.
1142 4575 1221 4651 Etsi
1239 4604 1304 4650 au·
1353 4599 1474 4646 reeens
1495 4578 1647 4668 potitum
1669 4581 1802 4673 oppido
1825 4573 2070 4654 Landerschi
2090 4589 2133 4658 in
2156 4574 2335 4657 Picardtn
2382 4623 2383 4664 3

310 4693 383 4750 tem
399 4677 525 4772 cuique
541 4678 693 4748 liberum
711 4677 893 4772 relinquo,
927 4677 981 4748 uti
998 4693 1138 4766 autore,
1169 4706 1239 4775 quo
1257 4683 1303 4750 li·
1355 4677 1503 4762 linibus,
1534 4679 1573 4746 in
1597 4683 1694 4772 quod
1716 4686 1950 4752 traduxerunt
1967 4683 2070 4757 Galli
2095 4691 2209 4765 multa
2232 4683 2335 4758 bellica
2382 4769 2383 4778 ἵ

309 4781 387 4866 bet,
420 4793 538 4850 tamen
563 4803 660 4850 nunc
683 4781 813 4849 recudo
835 4805 953 4851 meum
975 4781 1160 4868 libellum,
1200 4786 1304 4854 reda·
1355 4792 1548 4863 tormenta,
1574 4780 1693 4864 aiunt,
1718 4783 2078 4875 ibielpruesidium,
2116 4792 2257 4886 aliquot
2271 4779 2338 4856 mil

311 4895 407 4953 mum
422 4882 462 4952 in
477 4877 701 4966 Erotemata,
729 4895 765 4952 et
781 4883 916 4974 regulas
932 4883 1053 4976 plures
1070 4907 1174 4976 quam
1191 4899 1304 4971 antea,
1355 4881 1402 4951 lia
1433 4878 1602 4952 ltalorum
1636 4898 1671 4954 et
1697 4881 1886 4956 Gallorum
1918 4887 2108 4961 interfecta
2142 4916 2229 4962 esse.
2282 4879 2337 4955 Sed

309 4985 370 5070 sed
393 4983 592 5068 breviores,
637 5007 742 5078 quem
764 5009 843 5054 cum
866 4983 1018 5073 videris,
1062 4999 1209 5073 statues,
1257 5012 1303 5056 an
1354 4979 1440 5053 haec
1463 4985 1589 5052 melius
1611 4983 1681 5055 iam
1705 4986 1779 5076 ipse
1798 4988 1893 5056 nosti
1907 4983 1945 5076 ¹).
1996 4987 2250 5079 Agnoscamus
2268 4984 2339 5058 haec

308 5075 487 5158 Caesarei
515 5086 608 5155 libro
633 5099 694 5156 aut
714 5111 793 5156 meo
816 5087 870 5156 uti
892 5086 1007 5162 malis.
1066 5082 1163 5156 Mihi
1190 5088 1304 5178 placet
1355 5085 1446 5154 bella
1460 5085 1584 5155 fatales
1597 5087 1725 5156 muudi
1739 5109 1872 5179 poenas
1887 5111 1978 5176 esse,
2011 5105 2047 5162 et
2070 5091 2194 5166 Deum
2216 5103 2340 5164 oremus
2382 5143 2383 5160 .

310 5175 489 5258 Caesarei
508 5185 716 5272 Dialectica‚
751 5188 833 5282 quia
859 5189 1020 5259 omnium
1043 5187 1303 5281 simplicissima

310 5305 373 5360 est.
423 5287 521 5362 Bone
539 5291 626 5362 vale.
677 5285 745 5360 Die
763 5294 798 5365 7.
814 5289 989 5364 Noa-emb.
1010 5283 1121 5363 1543.
1410 5325 1411 5328 ¹
1463 5361 1470 5380 ‚

1387 5361 1417 5432 ¹¹¹)
1436 5360 1499 5418 vid.
1514 5381 1556 5434 ep.
1571 5363 1603 5418 ad
1618 5361 1725 5419 Camer.
1739 5361 1765 5418 d.
1779 5362 1806 5418 4.
1817 5362 1890 5421 Nor.

819 5420 1010 5518 Philippus
1027 5415 1253 5497 Melanthon.
1389 5449 1416 5514 1)
1436 5443 1494 5500 Sed
1506 5449 1578 5501 boec
1590 5457 1641 5503 etr.
1654 5463 1712 5501 non
1726 5445 1853 5519 leguntur
1869 5447 1898 5503 in
1911 5457 1983 5508 textu
1998 5448 2064 5526 libri
2078 5451 2131 5508 Vl.

304 1565 472 1645 Marco
498 1557 535 1640 C
542 1562 681 1639 rodel
690 1563 753 1650 io,
778 1562 1008 1661 gubernanti
1021 1559 1189 1639 scholam
1208 1561 1247 1639 T
1246 1593 1308 1640 or-

288 1688 291 1704 ¹
725 1691 884 1764 genscm.
940 1719 945 1735 .

2207 3601 2238 3666 8.
2251 3589 2313 3657 Nor.
