4842 6256
32 271 459 397 ‘stass‘

312 485 538 566 Clarissimo
552 489 645 577 viro,
669 484 872 561 eruditione
886 498 918 560 el
936 489 1065 560 virtute
1083 487 1301 586 praestanti,

312 595 358 676 D.
387 590 412 664 I
423 587 558 664 odon.
585 585 974 676 Bretschneider,
1013 587 1175 662 Ductori
1205 590 1300 664 ortis

305 775 307 782 ,
420 777 426 786 ,
510 689 705 782 Medicus,
722 691 850 792 fratri
861 716 931 764 suo
945 687 1105 764 colendo.

314 816 360 907 S.
382 833 428 908 D.
479 829 624 906 Clarias.
646 832 760 902 viret
782 830 900 904 cariss.
917 830 1043 912 irater,
1078 841 1181 898 vocat
1202 840 1237 897 te
1262 827 1302 900 in

217 969 221 982 ·
314 933 543 1008 Academiam
563 957 664 1004 suam
681 932 942 1003 lllustrissimus
962 929 1043 1002 Dux
1058 921 1307 999 Pomeronioe

313 1027 582 1134 Philippus*),
607 1047 648 1105 ut
667 1057 708 1103 ex
723 1033 836 1104 literis
852 1033 961 1125 ipsius
977 1033 1021 1103 ed
1039 1045 1073 1102 te
1091 1031 1230 1122 scriptis
1244 1031 1302 1100 in-

312 1142 470 1230 telliges,
500 1158 589 1229 ques
612 1130 792 1205 exhibebit
811 1133 944 1205 nobilis
961 1131 1027 1204 Vir
1046 1133 1163 1224 gentis
1176 1131 1301 1202 Pome-

314 1241 456 1314 ranicae
472 1229 686 1321 Adrianus,
701 1237 757 1306 vir
771 1232 940 1306 honestus
956 1249 990 1306 et
1007 1233 1180 1306 eruditus.
1211 1231 1303 1304 Iussi

314 1357 361 1414 ut.
377 1340 540 1413 ostendat
561 1339 627 1409 tibi
651 1339 755 1410 etiam
778 1338 897 1406 literas
919 1339 964 1405 ad
988 1360 1046 1406 rue
1068 1335 1232 1428 scriptas,
1264 1333 1303 1402 iu

316 1444 448 1540 quibus
471 1440 605 1510 mentio
627 1439 666 1508 lit
693 1439 747 1509 tni
771 1433 977 1508 honorifica.
1032 1434 1171 1526 Quaeso
1197 1437 1321 1553 igitur⁴
1355 1469 1446 1542 fam
1464 1465 1537 1540 ,pm
1560 1470 1605 1539 de
1625 1493 1703 1556 me,

315 1559 359 1618 ut
379 1540 478 1616 huuc
497 1539 655 1612 nobilem
672 1539 789 1609 virum
804 1533 1016 1607 Adrianum
1037 1551 1197 1608 amanter
1211 1561 1305 1607 excr-

316 1647 414 1742 pias,
433 1643 545 1714 arde
566 1641 737 1734 petitione
762 1638 941 1732 Principis
966 1638 1151 1710 deliberes.
1202 1636 1305 1710 Certe

233 1740 239 1754 ’
315 1749 429 1820 virtus
452 1757 504 1815 est
519 1741 645 1813 eximia
659 1738 856 1832 Principis,
880 1753 915 1812 et
936 1739 979 1811 de
995 1737 1161 1810 Ecclesiis
1183 1752 1218 1810 et
1240 1741 1307 1810 do-

316 1847 441 1921 ctrinis
463 1858 555 1916 recte
578 1855 613 1915 et
629 1841 937 1934 graviteriudicat.
985 1837 1085 1910 Bene
1099 1841 1189 1914 vale.
1238 1837 1307 1912 Die

148 1953 152 1962 '
257 2013 263 2020 .
317 1950 378 2025 17.
392 1945 530 2021 Martii.

317 2339 386 2412 No.
401 2335 514 2408 2882.

323 2433 495 2468 m

1147 2347 1164 2408 1
1175 2344 1207 2406 8.
1218 2336 1309 2401 Mart.

1130 2427 1302 2458 Μ

543 2555 547 2564 ·
590 2516 739 2602 loacn
765 2513 1022 2604 Camerario.

387 2697 473 2774 Epist.
487 2697 521 2754 sd
534 2695 671 2753 Cannar.
685 2714 712 2769 p.
724 2695 777 2752 467
784 2715 825 2769 sq.
844 2693 897 2768 (sd.
908 2693 1001 2750 Lond.
1018 2693 1065 2750 lib.
1078 2690 1126 2751 lV.
1143 2711 1187 2768 ep.
1199 2692 1282 2764 tlh).

319 2852 546 2932 Clarissimo
569 2851 646 2924 viro
674 2846 876 2923 eruditione
895 2860 927 2922 et
951 2849 1081 2923 virtute
1101 2850 1326 2948 praestanti·

344 2951 591 3032 leuchimo
611 2947 892 3028 Camerario
915 2947 1144 3051 Pubergensi
1168 2951 1286 3024 amico

662 3079 731 3129 suo
756 3078 961 3133 earessrmo.

322 3171 368 3265 S.
392 3191 438 3270 D.
480 3180 610 3288 Cogite
625 3188 819 3263 concilium
835 3200 867 3262 et
878 3197 1004 3288 pacem
1021 3181 1173 3259 laudate
1183 3181 1311 3259 seden-

243 3299 247 3312 '
323 3304 395 3368 tes:
426 3287 504 3366 liii
521 3291 641 3366 armis
661 3291 702 3362 in
725 3315 839 3387 regna
863 3300 992 3376 ruunt,
1018 3293 1137 3386 inquit
1152 3289 1312 3376 Turnus,

322 3412 365 3469 ut
382 3396 587 3467 meministi.
643 3390 696 3464 lta
719 3396 806 3464 dum
828 3390 962 3492 Spirae
984 3395 1028 3464 de
1048 3393 1166 3464 nescio
1181 3394 1313 3488 quibus

323 3497 428 3588 nugis
444 3498 643 3587 litigamus,
670 3493 784 3566 Tucci
802 3496 952 3586 grassari
967 3495 1006 3564 iu
1021 3493 1218 3567 Pannoniis
1231 3519 1312 3588 per-

323 3612 425 3691 gunt.
455 3595 544 3670 Heri
560 3597 655 3668 enim
669 3597 805 3667 litteras
820 3621 860 3667 ex
873 3595 1061 3667 Pannonia
1077 3593 1207 3689 accepi,
1223 3620 1312 3691 qnae

324 3713 474 3771 narrant
491 3721 612 3769 recens
634 3699 712 3769 loce
733 3698 850 3770 vicina
874 3696 1223 3787 Posoniooccupata
1240 3720 1313 3768 esse

324 3827 345 3874 a
362 3799 522 3871 Tuccicis
544 3800 742 3872 latronibus
759 3801 889 3892 passim
905 3799 1124 3891 vagantibus.
1175 3796 1313 3869 interea

325 3919 448 3977 tamen
471 3900 577 3973 etiam
598 3901 637 3971 in
659 3901 704 3971 iis
719 3901 826 3988 locis,
852 3925 941 3996 quae
956 3900 1124 3972 servitute
1140 3922 1233 3969 nova
1248 3923 1314 3990 op·

325 4025 445 4098 pressa
464 4016 566 4083 sunt,
598 4002 863 4074 constituuntur
886 3999 1082 4087 Ecclesiae,
1108 4002 1214 4072 credo
1235 4000 1315 4070 ani-

327 4105 397 4176 mis
411 4105 481 4174 iam
495 4105 539 4174 ad
555 4103 678 4174 celeste
697 4103 868 4174 auxilium
890 4103 1194 4194 confugientibus,
1216 4114 1314 4196 post-

803 405 808 412 ·
891 313 1332 395 nersronanuu
1382 318 1489 397 me.
1515 319 1580 399 rx.
1633 320 1765 404 seca.
1826 325 1831 342 ·

1353 488 1421 566 No.
1437 491 1550 563 2885.

1360 587 1532 622 m

2224 507 2273 587 (¹¹-
2291 507 2332 586 t·)

2209 599 2346 629 Μ

1756 693 1927 782 Eidem.
1989 645 1993 656 .

1457 845 1542 920 Epist.
1558 847 1591 905 ad
1606 849 1746 906 Gamerae.
1760 871 1788 924 p.
1803 853 1855 908 454
1872 871 1914 924 sq.

1356 985 1581 1071 Clarissimo
1604 999 1681 1072 viro
1703 997 1906 1076 eruditione
1930 1012 1969 1074 et
1986 1003 2115 1075 virtute
2134 1005 2349 1102 praestanti

1379 1096 1623 1174 Iooehimo
1648 1092 1929 1176 Camerario
1953 1099 2182 1202 Pubergensi
2201 1105 2325 1178 amico

1739 1229 1808 1277 suo
1834 1230 1964 1282 curus.

1355 1341 1401 1435 S.
1425 1362 1472 1437 D.
1529 1363 1729 1440 Meministi
1750 1370 1863 1442 nostri
1887 1365 2015 1443 theatri
2039 1371 2189 1454 iudicia,
2229 1373 2347 1466 qualia

1733 1495 1814 1542 cum
1836 1488 1918 1545 ante
1942 1498 2054 1545 annos
2074 1477 2215 1559 decem,
2246 1475 2348 1546 editis

1357 1568 1462 1640 Locis
1486 1565 1733 1662 Theologicis,
1770 1573 2001 1667 disputassem
2022 1575 2195 1669 quaedam
2227 1569 2347 1644 minus

1357 1665 1515 1755 horride,
1529 1696 1635 1764 quem
1645 1687 1746 1744 autea
1761 1673 1800 1745 in
1817 1674 1931 1746 ruinis
1941 1677 2154 1746 monasticae
2164 1676 2347 1746 doctrinas

1358 1770 1540 1864 proposita
1555 1773 1708 1848 tuerent.
1764 1771 1814 1847 Et
1836 1791 1937 1847 erant
1951 1775 2014 1870 qni
2041 1800 2098 1846 me
2118 1777 2347 1868 suspicaban-

1360 1887 1420 1944 tur
1433 1887 1571 1964 captare
1577 1888 1762 1965 potentum
1770 1876 1924 1964 ,favores
1948 1875 2077 1950 Noster
2089 1871 2346 1976 yetpvpnioc*)‚

1360 1974 1439 2044 ioco
1452 1973 1601 2046 fortasse
1615 1969 1706 2044 mihi
1721 1977 1930 2063 obiiciebat,
1955 1979 2090 2048 ambire
2112 2003 2169 2048 me
2191 1980 2346 2070 galerum

1359 2079 1439 2150 cuir
1460 2067 1690 2173 εὐπαρύφων
1711 2072 1922 2173 ἀρχιερέων.
1984 2075 2086 2150 Adeo
2115 2104 2190 2150 non
2219 2093 2347 2152 temere

1361 2171 1497 2249 dictum
1514 2191 1565 2249 est
1577 2172 1651 2250 ὑπὸ
1668 2175 1781 2250 παντὶ
1796 2175 1907 2276 λίθῳ,
1931 2177 1984 2274 μὴ
1999 2174 2096 2274 δόκη
2111 2173 2255 2274 ῥήτωρ,
2277 2179 2348 2278 χρὴ

1361 2273 1509 2374 ἀθρεῖν.
1558 2277 1630 2350 Sed
1645 2276 1742 2351 Deus
1756 2281 1854 2351 testis
1864 2281 1943 2366 est,
1965 2306 2021 2352 me
2038 2307 2102 2352 nec
2119 2284 2257 2374 ingenii
2272 2287 2348 2354 lau-

1361 2380 1460 2466 dem,
1486 2403 1550 2450 nec
1567 2381 1683 2451 studia
1697 2380 1808 2452 ullius
1822 2384 1931 2474 partis
1944 2397 2154 2473 aucupatum
2170 2407 2265 2468 esse,
2292 2387 2346 2456 sed

1360 2503 1446 2552 vero
1460 2493 1496 2553 et
1509 2481 1663 2574 simplici
1677 2483 1795 2553 studio
1811 2484 1988 2564 veritatis,
2014 2485 2237 2574 diligentiam
2254 2486 2348 2556 illam

1361 2583 1401 2652 in
1425 2582 1657 2674 explicatione
1677 2578 1898 2656 adhibuisse:
1923 2585 2211 2680 videbamquam
2227 2590 2351 2659 contu-

1362 2707 1417 2754 sas
1448 2683 1636 2776 opiniones
1666 2697 1702 2754 et
1730 2685 1880 2756 insulsas
1910 2687 2015 2757 multi
2046 2677 2350 2766 circumferebant.

1361 2780 1410 2855 Et
1423 2784 1600 2856 iuventuti
1617 2797 1747 2870 metae,
1771 2799 1812 2856 ut
1833 2787 1871 2856 iu
1887 2786 2023 2857 artibus
2037 2788 2114 2858 lieri
2126 2812 2270 2862 necesse
2292 2808 2350 2876 est,

1362 2885 1611 2956 monstrandae
1624 2886 1781 2961 suerunt.
1808 2882 1974 2980 Optarim
1991 2903 2107 2959 autem
2122 2913 2215 2960 mea
2233 2895 2351 2964 multis

1363 2987 1525 3058 adiutum
1535 3009 1618 3062 esse.
1639 2985 1831 3082 Nunquam
1840 2989 1936 3059 auhn
1944 3013 2062 3060 meum
2071 2989 2351 3086 iudiciumprae-

1364 3088 1431 3160 tuli
1438 3085 1617 3160 Ecclesiae
1632 3087 1777 3164 iudicio.
1811 3088 1931 3179 Quare
1946 3093 1989 3162 de
2005 3091 2051 3161 iis
2067 3093 2252 3164 sententiis
2266 3120 2351 3189 quas

1364 3185 1491 3260 Ateste
1508 3189 1609 3274 misi,
1636 3190 1792 3260 iudicare
1812 3215 1894 3278 vos,
1920 3205 1955 3262 et
1977 3194 2123 3288 quidem
2145 3217 2266 3265 severe
2290 3193 2353 3268 xci

1363 3295 1410 3386 τῇ
1425 3293 1505 3363 τῶν
1518 3284 1788 3389 ἄρειοπαγιτῶν
1806 3288 1994 3388 ἀκριβείᾳ,
2016 3295 2111 3368 volo.
2163 3293 2258 3366 ldem
2277 3300 2355 3368 dixi

1364 3406 1446 3464 ante
1460 3415 1573 3463 annos
1588 3407 1665 3462 octo
1675 3385 1843 3462 Luthero
1857 3396 1923 3487 ipsi
1942 3419 2079 3465 mecum
2094 3408 2129 3465 et
2144 3421 2222 3466 cum
2237 3417 2356 3470 σταυ-

1365 3485 1519 3592 ροῳόρῳ
1533 3485 1846 3590 cxpostulenti”).
1897 3495 2064 3567 Statuetis
2081 3497 2190 3587 igitur
2205 3499 2248 3568 de
2266 3501 2354 3570 meis

1364 3595 1512 3688 pagellis
1539 3607 1653 3664 vestro
1683 3595 1844 3670 arbitrio.
1903 3593 2020 3666 Velim
2049 3613 2167 3669 autem
2194 3601 2240 3670 dc
2266 3597 2354 3670 mihi

1366 3696 1580 3789 significare,
1605 3694 1692 3790 quid
1707 3697 1942 3774 decreveritis.
1983 3783 1986 3790 τ

1466 3891 1631 3968 Brutum
1652 3897 1720 3969 tibi
1742 3898 1843 3970 mitto
1860 3924 1941 3969 cum
1964 3899 2136 3970 libertatis
2150 3896 2358 3996 inscriptio-

1366 4021 1431 4082 ne,
1462 3999 1601 4092 quaerit
1627 4001 1721 4068 enim
1745 4001 1921 4071 civitatem
1947 4025 1983 4071 sc
2017 4003 2227 4092 digniorem.
2288 4005 2358 4076 Sed

1366 4124 1415 4171 an
1450 4095 1634 4195 Philyram
1665 4115 1834 4180 vestram,
1858 4103 2072 4193 probaturus
2111 4103 2175 4188 sit,
2228 4107 2360 4176 nescio.
2409 4085 2410 4151 l

328 4231 436 4302 wem
448 4227 604 4297 pugnare
617 4201 692 4276 noir
707 4219 866 4296 possunt.
916 4201 966 4275 Et
981 4227 1082 4297 spero
1097 4201 1214 4272 Deum
1230 4203 1315 4272 reli·
1367 4199 1485 4275 Unam
1513 4203 1606 4287 scio,
1638 4201 1770 4296 inqua
1798 4204 1829 4272 ei
1857 4205 1954 4273 locus
1983 4204 2068 4289 erit,
2099 4204 2137 4272 iu
2157 4201 2271 4276 Cattis
2300 4233 2360 4276 seu

327 4308 430 4402 quiae
446 4304 641 4391 Ecclesiae,
664 4319 706 4376 ut
721 4329 858 4400 semper
874 4318 1095 4376 servaturum
1111 4327 1185 4374 esse
1205 4303 1316 4373 mira·
1368 4299 1570 4388 Tencteris,
1617 4329 1722 4396 qnam
1750 4303 1861 4374 Graio
1895 4305 2039 4374 nomine
2073 4299 2188 4398 Sigen
2219 4323 2360 4380 vocant.
2408 4381 2409 4384 ,

326 4409 395 4482 hili
423 4408 542 4482 modo.
596 4401 688 4477 Nam
709 4408 809 4476 vides
833 4406 1008 4499 praesidia
1028 4401 1185 4494 hpmam
1215 4406 1316 4475 nulla
1367 4398 1476 4473 Eram
1501 4405 1672 4474 missurus
1696 4428 1842 4476 aureum
1864 4405 2057 4490 nomisma,
2082 4409 2274 4498 quodcum
2296 4406 2360 4479 ho·

325 4533 412 4584 esse.
462 4507 536 4580 Noc
551 4501 643 4578 mihi
657 4505 842 4598 Spirenses
864 4508 1021 4578 actiones
1042 4506 1193 4596 placent.
1242 4503 1316 4577 Pax
1368 4505 1426 4574 dic
1444 4529 1594 4598 quaero,
1618 4528 1791 4598 nusquam
1806 4507 1962 4578 invenio.
2013 4505 2216 4600 Praecipnit
2232 4511 2361 4604 aliquis

326 4603 505 4684 aCaroio
522 4609 672 4702 petitur,
697 4608 846 4694 sedita,
871 4623 913 4679 ut
932 4607 1166 4678 verecundius
1181 4608 1317 4702 petive-
1368 4599 1572 4686 αὐτόλυκος
1592 4607 1739 4696 opinor,
1760 4621 1821 4678 aut
1843 4631 1906 4698 ego
1928 4607 2061 4678 oblitas
2080 4633 2179 4692 snm,
2204 4636 2276 4704 qno
2309 4638 2361 4681 re-

325 4715 402 4787 rint
415 4709 686 4786 Lacedaemonii
708 4731 829 4800 pacem
851 4711 897 4780 ab
911 4703 1207 4793 Atheniensibus,
1235 4735 1317 4781 cum
1368 4707 1559 4802 posuerim.
1611 4704 1709 4777 Beue
1730 4709 1819 4784 vale.
1871 4709 1996 4779 Mense
2011 4709 2155 4782 Martio.
2407 4789 2408 4804 χ

327 4817 423 4886 cives
437 4815 484 4885 ad
497 4812 625 4906 Pylum
640 4811 678 4880 iu
695 4807 812 4880 insula
829 4811 1051 4882 circumsessi
1066 4823 1189 4883 essent.
1220 4807 1318 4880 Bene
1989 4874 2026 4892 ,,
2407 4829 2408 4851 t

328 4917 425 5002 vale,
450 4916 508 4986 die
524 4909 659 4985 xvlll.
676 4909 786 4986 Mart.
838 4907 933 4986 Aula
949 4910 1075 4981 danica
1093 4933 1190 5002 spem
1211 4905 1319 4981 habet
1931 4869 2119 4968 Ph¹¹¹pl³u⁵
2137 4871 2317 4946 Mdamh'

356 5042 436 5092 acts.
1019 5045 1027 5054 ·

329 5044 354 5114 p
891 5105 1081 5204 Philippus
1095 5109 1270 5190 Melanth.

1375 5069 1581 5091 *annau—0

1407 5219 1438 5287 ¹⁸)
1456 5215 1602 5272 Portunus.
1620 5215 1651 5271 C.
1666 5215 1722 5272 W.

1409 5299 1455 5370 *ᾖ
1475 5300 1516 5355 De
1530 5317 1647 5355 coenas.

335 5279 566 5304 m

370 5415 402 5483 *l
426 5413 510 5467 Aeno
530 5405 604 5462 sset.
623 5404 735 5486 aderaut
755 5402 835 5476 legati
860 5409 971 5464 Ducum
994 5407 1139 5467 eomer-n.
1152 5411 1326 5485 Vineam„

404 5479 518 5535 fortasse
531 5475 612 5548 igitur
626 5481 703 5546 eput.
718 5472 751 5526 ad
761 5473 837 5530 huuc
850 5493 951 5544 annum
965 5480 1089 5550 pertinet.
