4842 6256
80 317 153 406 aas
365 237 445 266 ¹⁶
656 301 1095 399 trrsroraauu
1150 302 1364 387 uram.
1411 299 1548 384 asra
2012 314 2126 414 aaa

79 499 180 598 Quid
199 492 299 566 enim
317 487 387 584 piis
409 485 549 566 dulcius
573 499 642 573 est,
673 506 781 582 quam
804 481 1014 561 confirmate
1034 478 1074 550 in
1126 477 1199 548 niis
1212 475 1512 568 indulgentiorem
1527 496 1612 548 mse.
1661 471 1734 552 Sed
1756 475 1948 554 tamenita
1968 497 2125 576 regetur,

78 603 260 704 agnitione
275 591 440 678 attinet,
461 605 495 664 et
508 592 642 662 discere
655 611 777 659 veram
791 580 1075 656 invocationem?
1126 594 1167 652 ιιι
1180 581 1220 650 ἰιι
1234 580 1351 651 olfacio
1366 602 1504 672 sperem
1519 577 1681 650 futurum
1697 602 1782 655 esse.
1832 579 1941 653 Hunc
1955 585 2123 658 iuvenem

78 713 190 806 Saepe
213 699 382 791 deplere,
413 693 589 786 populum
610 715 686 760 non
707 689 908 758 discernere
930 687 1076 758 invoca·
1126 676 1331 755 Antonium
1361 679 1606 771 commendavi
1630 677 1789 757 senuna.
1848 681 2023 756 Probabis
2046 688 2122 760 cius

78 819 213 890 tionem
236 823 340 874 suam
362 797 406 866 ab
419 789 573 865 Ethnica
595 807 656 864 aut
673 787 816 861 Iudaica
839 801 900 860 aut
913 786 1076 858 Turcica.
1127 784 1338 859 orationem.
1389 781 1509 872 Quare
1527 793 1561 853 te
1580 782 1687 852 etiam
1708 797 1814 878 atque
1835 785 1942 854 etiam
1964 811 2050 874 oro,
2081 803 2123 860 ut

79 917 165 988 Ideo
185 900 405 976 mentionem
424 897 500 966 eius
515 896 568 966 rei
583 893 650 964 leci
665 893 704 962 in
719 891 841 962 libello
858 886 1075 962 Coloniensi.
1128 887 1205 958 eius
1234 908 1375 986 causam
1402 881 1448 958 D.
1470 875 1660 976 tantm)
1693 887 1935 970 commendes,
1976 903 2018 959 ut
2045 890 2121 982 ipse

79 1015 131 1090 Et
149 1018 191 1088 in
210 1003 281 1080 lroc
305 1001 381 1093 ipso
395 990 558 1068 Lutheri
578 995 709 1086 scripto
731 992 930 1062 illustratur
950 989 1077 1060 discri-
1129 1012 1270 1082 quoque
1283 1011 1349 1079 pro
1364 1007 1405 1054 eo
1419 986 1516 1078 apud
1531 999 1693 1056 senatum
1706 1000 1743 1059 et
1763 985 1895 1057 amicos
1916 987 2121 1068 intercedat.

84 1143 183 1193 men.
227 1107 282 1180 De
301 1097 360 1172 his
384 1101 491 1170 rebus
514 1093 639 1191 dum³)
661 1095 756 1166 inter
775 1114 842 1164 nos
861 1103 1077 1162 commenta·
1128 1086 1225 1160 Bene
1238 1089 1318 1160 vale
1330 1101 1366 1159 et
1376 1086 1540 1161 rescribe.
1566 1080 1706 1158 Amabo
1721 1100 1755 1158 te
1769 1087 1873 1163 eliam
1888 1103 1993 1184 atque
2004 1094 2122 1180 etiam,

88 1223 229 1300 bimur,
253 1215 412 1300 proteget
424 1199 523 1273 Deus
533 1195 709 1270 Ecclesias
722 1207 758 1266 et
772 1193 914 1288 politius
929 1206 1078 1278 nostras,
1129 1191 1299 1282 suscipias
1331 1212 1471 1259 causam
1503 1183 1612 1258 buius
1642 1181 1816 1275 Antonii,
1858 1204 1896 1264 et
1932 1215 1999 1262 nos
2030 1217 2121 1268 mna,

89 1345 175 1418 quas
198 1315 273 1388 Deo
304 1304 455 1378 assiduis
486 1300 580 1372 votis
614 1297 912 1370 commendemus.
975 1289 1077 1364 Nihil
1130 1291 1265 1366 Iterum
1280 1291 1368 1367 vale.
1394 1289 1452 1361 die
1465 1284 1670 1382 Augustini.

83 1423 179 1496 enim
200 1387 306 1488 video
328 1403 569 1476 humanorum
590 1399 860 1496 praesidiorum.
910 1387 1079 1466 Lucania·
1643 1417 1834 1518 Philippus
1848 1421 2075 1504 Melamhon·

79 1546 201 1596 recens
223 1519 297 1589 duo
319 1506 461 1586 honesti
481 1506 549 1576 viri
569 1515 714 1596 propter
733 1496 920 1590 Evangelii
940 1498 1076 1568 conses-

79 1628 220 1698 sionem
241 1614 358 1688 necati
379 1620 479 1692 sunt;
522 1619 557 1677 et
586 1607 676 1674 duae
705 1597 873 1688 honestae
894 1613 1076 1668 matronae

78 1729 181 1799 vivae
196 1722 374 1794 defossae,
398 1731 551 1803 quarum
564 1707 679 1786 virtus
693 1703 734 1772 in
744 1715 818 1774 tota
832 1701 921 1772 urbe
929 1695 961 1797 ⁴)
974 1723 1078 1794 prae-

79 1831 236 1901 dicatur.
296 1819 463 1894 Sinamus
484 1808 594 1900 igitur
615 1807 734 1876 furere
754 1801 964 1899 Tyrannos,
1001 1815 1078 1872 eta
1134 1862 1307 1894 Μ

78 1928 155 2004 Deo
185 1939 350 2020 petamus
374 1911 547 1982 auxilium
575 1923 609 1982 et
631 1905 883 1980 defensionem.
942 1898 1079 1974 Adole-
1400 1945 1438 2034 S
1578 1957 1587 1974 ,
1612 1949 1656 2036 Β
1830 1957 1840 1977 ,

81 2055 182 2105 scens
191 2025 445 2117 Hieronymus
458 2013 589 2084 dicitur
602 2008 829 2080 mediocriter
842 2005 957 2078 lacere
972 2027 1077 2076 suum
1437 1963 1585 2036 enaim
1656 1979 1852 2038 semem·
1954 2070 1956 2080 .

79 2133 255 2210 officium.
295 2124 360 2196 Bis
376 2121 472 2190 enim
486 2111 702 2202 interrogavi
716 2109 790 2180 eius
805 2118 1078 2201 praeceptorem,
1197 2129 1424 2204 gamugni„
1438 2130 1500 2188 eod.
1514 2130 1599 2187 Goth.
1612 2131 1672 2188 289.
1685 2127 1961 2191 remanentia.

78 2239 202 2308 virum
219 2250 384 2321 gravem,
409 2213 617 2295 Fracturum,
643 2214 801 2307 quicum
815 2231 934 2300 regere
951 2209 1080 2292 studet,
1589 2287 1597 2306 ι
1800 2289 1810 2308 ·

79 2363 157 2411 non
174 2333 253 2404 sine
269 2329 403 2400 labore.
452 2318 527 2390 Ero
550 2330 585 2388 et
603 2315 678 2408 ipse
698 2337 773 2384 non
788 2312 904 2382 solum
918 2306 1080 2380 hortator
1436 2284 1595 2361 Senator
1612 2285 1818 2366 Bremensr.

80 2443 144 2514 sed
157 2435 268 2508 etiam
281 2429 506 2516 obiurgator,
537 2441 618 2490 cum
640 2438 730 2507 opus
752 2413 831 2488 erit.
879 2409 957 2481 Hac
976 2423 1080 2482 nocte
1131 2397 1176 2488 S.
1199 2415 1246 2493 D,
1295 2415 1478 2508 principio
1503 2431 1604 2510 peto,
1635 2433 1677 2492 ut
1699 2413 1789 2490 mihi
1813 2419 2018 2510 ignoscatis,
2051 2424 2124 2496 da-

82 2539 244 2616 calculus
258 2529 425 2604 atrociter
441 2521 572 2594 invasit
584 2511 809 2588 Lutharum:
836 2535 945 2606 quare
962 2512 1081 2584 orabis
1131 2517 1263 2590 rissimi
1279 2519 1370 2604 viri,
1402 2521 1498 2614 quod
1520 2519 1638 2598 studia
1653 2523 1885 2593 adolescentis
1898 2523 1938 2592 fn
1955 2527 2044 2598 urbe
2060 2551 2124 2596 ve·

80 2643 220 2725 Deum‚
250 2646 293 2705 ut
307 2654 411 2702 suum
426 2626 628 2696 ministrum
643 2629 757 2688 servet
771 2628 807 2688 et
821 2613 995 2686 cmciatus
1012 2613 1082 2684 mi·
1133 2636 1205 2694 stra
1229 2619 1308 2690 nati
1334 2621 1437 2691 vobis
1464 2623 1713 2694 commendare
1739 2647 1846 2695 ausus
1869 2647 1959 2700 sum.
2017 2625 2156 2700 Scitis=

86 2747 182 2836 tiget.
234 2735 335 2808 Bene
350 2731 439 2803 vale.
489 2724 557 2797 Die
572 2718 726 2810 Augusti
738 2720 802 2793 27.
1133 2723 1229 2794 ebim
1250 2745 1316 2840 pro
1338 2736 1454 2841 nestra
1476 2717 1685 2814 prudentia,
1709 2739 1972 2818 praeceptorem
1995 2730 2124 2800 debere

1134 2825 1251 2897 studia
1278 2825 1548 2917 disciplinarum
1573 2825 1674 2896 omni
1695 2827 1893 2898 officiorum
1915 2850 2043 2918 genere
2065 2831 2126 2901 iu-

103 2937 1079 2980 ---------···--·“·····ϊ···
1133 2949 1236 3011 vare,
1268 2949 1309 2996 ac
1328 2921 1541 3018 provehere,
1572 2927 1681 3021 idque
1704 2923 1772 3000 huc
1794 2943 1952 3021 tempore
1973 2931 2126 3002 maxime
2229 2993 2232 3006 .

1133 3029 1248 3101 facere
1273 3028 1420 3112 debere,
1451 3052 1552 3112 cum,
1584 3030 1738 3123 quodam
1763 3031 1857 3102 tristi
1879 3033 1970 3118 lato,
2001 3034 2126 3105 literae

86 3103 284 3241 Q·
904 3085 1077 3210 Q
1135 3130 1246 3220 magis
1260 3153 1365 3224 quam
1378 3129 1453 3200 ulla
1467 3153 1627 3223 unquam
1642 3145 1754 3204 aetate
1768 3133 2003 3222 negligantur.
2052 3133 2125 3206 De-

256 3283 259 3291 .
374 3279 422 3366 N
459 3275 502 3361 B
608 3269 638 3356 d
670 3273 785 3354 censi
1135 3244 1189 3302 cet
1218 3245 1335 3302 autem
1368 3255 1431 3301 vos
1461 3255 1623 3324 quoque,
1661 3233 1724 3326 qui
1751 3235 1967 3325 respublicas
1989 3237 2126 3322 tenetis,

421 3342 431 3365 ·
503 3301 604 3358 ”⁸⁶⁰
639 3301 666 3354 u
787 3329 798 3354 ⁸
1135 3328 1300 3403 honestas
1315 3331 1521 3423 disciplinas
1532 3355 1669 3404 summa
1684 3357 1750 3423 ope
1764 3359 1982 3410 conservare.
2032 3335 2124 3408 Cum

154 3473 237 3531 natu
248 3470 278 3524 in
292 3465 321 3524 s.
334 3465 368 3520 Α.
379 3459 520 3520 uestem
531 3453 610 3531 episc.
624 3453 725 3510 elnon
739 3447 823 3504 viror.
839 3464 867 3519 p.
880 3443 925 3502 st.
1134 3435 1243 3524 igitur
1256 3447 1390 3525 peteret
1403 3458 1424 3502 a
1443 3455 1501 3502 mc
1521 3435 1861 3505 commendationem
1882 3436 1928 3505 ad
1951 3459 2014 3507 vos
2037 3441 2126 3510 ado-

1059 3599 1067 3622 ,
1134 3535 1268 3606 lescens
1285 3527 1579 3618 AntoniusBIo‚
1609 3536 1702 3605 filius
1725 3536 1812 3606 civis
1826 3535 2028 3609 Bremensis
2050 3563 2125 3612 non

87 3637 192 3716 Viro
213 3624 359 3728 optimo
390 3615 447 3692 D.
472 3609 516 3686 N
523 3605 678 3729 icplfw
701 3595 1083 3687 BVS0⁰d“⁶⁰'¹⁸⁸²
1134 3637 1234 3707 volui
1249 3639 1281 3708 ci
1296 3637 1435 3720 deesse,
1465 3659 1505 3706 ac
1524 3660 1589 3706 vos
1613 3638 1716 3707 valde
1737 3661 1821 3724 oro,
1856 3651 1897 3710 ut
1918 3665 1997 3709 cum
2013 3644 2126 3735 respi-

249 3725 369 3800 amt'co
385 3742 453 3792 ⁸1¹⁰
469 3734 709 3796 5⁰⁰⁴'1551m02
733 3705 922 3780 Rumam·
1134 3739 1236 3809 ciatis
1252 3763 1292 3810 ac
1306 3737 1446 3813 iuvetis.
1495 3735 1756 3825 Constituistis,
1786 3753 1828 3810 ιιι
1844 3742 1998 3832 accipio,
2021 3740 2125 3815 scho-

83 3855 117 3946 S
151 3869 200 3942 D.
248 3859 340 3932 Cum
358 3849 418 3924 hic
437 3833 576 3918 iuvenis
590 3853 724 3934 peteret
740 3834 1083 3910 commendationem
1136 3841 1274 3912 [asticos
1295 3839 1435 3933 aliquos
1460 3841 1506 3910 de
1528 3841 1673 3931 publico
1696 3842 1807 3925 alere,
1837 3867 1905 3936 qua
1926 3844 1965 3911 in
1985 3867 2025 3912 re
2045 3847 2125 3915 offi-

84 3925 133 4050 ad
156 3986 193 4043 te
216 3991 237 4038 a
259 3955 383 4040 nobis,
421 3967 636 4039 magnopere
661 3935 751 4010 mihi
781 3938 974 4030 gratulatus
1004 3959 1081 4006 sum
1135 3943 1228 4014 cium
1251 3955 1287 4013 et
1307 3941 1412 4012 honis
1432 3941 1693 4031 magistratibus
1715 3942 1863 4033 dignum
1886 3957 1920 4014 et
1945 3942 2023 4015 Deo
2045 3959 2125 4037 gra-

85 4071 265 4150 nnncium
286 4052 378 4130 mihi
397 4066 533 4125 certum
555 4049 602 4116 ad
621 4057 656 4114 te
676 4040 834 4111 oblatum
852 4062 937 4111 esse.
987 4034 1082 4108 Amo
1134 4058 1209 4114 tum
1231 4043 1357 4113 facitis.
1414 4039 1506 4112 Nam
1527 4042 1667 4128 literae,
1701 4069 1781 4114 tum
1802 4045 1945 4138 quidem
1967 4071 2123 4119 necessa-

85 4177 187 4250 enim
201 4161 385 4256 ingenium
400 4169 502 4225 tuum
516 4146 710 4228 exanimo,
732 4155 836 4235 atque
849 4139 985 4210 utinam
1001 4162 1083 4210 sua·
1134 4147 1226 4224 riae,
1256 4157 1341 4216 sunt
1362 4143 1468 4212 rebus
1488 4141 1660 4236 publicis,
1692 4169 1767 4215 non
1789 4161 1936 4236 possunt
1957 4148 2034 4218 siue
2057 4175 2123 4243 ope

84 4280 275 4352 vitatetua
291 4259 526 4349 stuiposscm.
577 4247 771 4338 Nunquam
793 4263 812 4310 a
836 4254 869 4310 te
885 4239 1008 4308 divelli
1025 4263 1082 4308 me
1134 4245 1408 4334 Magistratuum
1440 4245 1652 4318 conservari.
1709 4243 1822 4317 Porro
1855 4242 1914 4317 hic
1937 4243 2153 4324 Antonius'

85 4383 257 4454 sinerem.
315 4361 392 4439 Tu,
425 4351 594 4448 quoniam
614 4344 725 4417 habes
745 4343 862 4412 θῦῐῦῐῑῑ
884 4341 990 4410 velim
1014 4341 1081 4409 ali·
1133 4346 1276 4436 ingenio
1292 4348 1406 4430 valet,
1430 4359 1466 4416 et
1483 4347 1521 4414 in
1536 4346 1650 4417 literis
1664 4347 1755 4418 bene
1772 4349 1926 4439 prolicit,
1956 4366 1990 4421 et
2007 4377 2122 4424 mores

161 4478 235 4548 ndo
257 4467 299 4538 ad
324 4484 390 4532 nos
412 4457 543 4526 iterum
567 4448 753 4541 expatiere.
804 4441 894 4514 Nam
919 4435 976 4510 hic
999 4441 1081 4534 qui-
1133 4443 1238 4518 habet
1267 4447 1388 4518 aetatis
1416 4450 1638 4528 commodos,
1678 4461 1712 4518 et
1741 4473 1837 4541 spem
1867 4449 1911 4518 de
1933 4474 1969 4519 se
1990 4455 2119 4525 bonam

84 4509 171 4660 3221
192 4579 354 4660 sumptus
373 4557 492 4630 nullos
514 4555 680 4624 lacerate
696 4543 821 4639 patiar.
871 4539 920 4612 Et
934 4542 1082 4614 fortasse
1131 4550 1287 4640 praebet.
1341 4547 1448 4636 Quod
1469 4547 1500 4617 si
1520 4549 1596 4620 eius
1617 4549 1801 4639 ingenium
1823 4551 2034 4624 liberalitate
2052 4579 2120 4646 pu-

86 4715 106 4760 a
135 4683 184 4754 ud
199 4696 284 4755 nos,
315 4661 410 4760 quod
428 4679 566 4748 ageres,
596 4649 758 4720 invenire
780 4667 917 4738 posses,
944 4667 1014 4737 qua
1036 4645 1081 4714 de
1132 4651 1223 4722 blica
1239 4650 1417 4736 foveritis,
1442 4649 1549 4735 olim,
1572 4647 1648 4722 Deo
1663 4648 1825 4735 intente,
1857 4651 1939 4721 usui
1960 4677 2031 4722 esse
2047 4657 2121 4724 rei.

85 4713 132 4862 τε
150 4774 305 4874 optarim
330 4789 387 4834 me
410 4775 525 4830 tecum
545 4751 623 4838 hic,
663 4774 743 4820 cum
767 4749 925 4828 adesses,
957 4746 1080 4836 dispu-
1130 4752 1294 4844 publicae
1310 4751 1451 4844 poterit.
1501 4749 1626 4845 ltaque
1646 4775 1752 4842 rogo,
1785 4763 1826 4822 ut
1847 4751 1880 4820 ei
1901 4756 2119 4844 confugienti

87 4907 180 4963 tasse
243 4871 298 4947 De
313 4853 490 4956 Frisiot)
505 4853 597 4928 nihil
613 4867 683 4934 est,
716 4849 810 4944 quod
831 4843 972 4916 solliciti
994 4845 1081 4918 silis·
1132 4856 1272 4937 advos,
1303 4866 1472 4946 tanquam
1493 4855 1539 4924 ad
1559 4866 1726 4946 patronos
1749 4851 1931 4924 literarum
1953 4849 2120 4930 honesta-

90 4991 133 5063 ln
157 4935 242 5058 ebio
270 4987 321 5044 cst
343 4965 425 5050 tali,
467 4974 509 5032 ut
529 4959 620 5028 bene
642 4951 855 5046 sperandum
879 4947 984 5015 nobis
1008 4971 1080 5018 esse
1131 4979 1231 5038 rum,
1255 4977 1360 5046 opem
1373 4951 1512 5038 feratis,
1537 4966 1572 5023 et
1586 4952 1802 5044 stipendium
1818 4954 1964 5048 aliquod
1981 4957 2015 5027 ei
2032 4983 2120 5030 con·

89 5013 254 5166 stainam.
302 5067 352 5144 Et
365 5089 430 5158 ego
444 5057 539 5134 nibil
553 5053 756 5137 dissimulo,
780 5073 837 5122 me
855 5048 962 5118 bonis
982 5049 1081 5140 inge-
1132 5056 1304 5140 stituatis,
1335 5068 1376 5126 ιιι
1393 5053 1432 5122 in
1457 5054 1568 5125 literis
1592 5075 1814 5145 perseverare
1833 5057 1954 5148 possit.
2003 5057 2119 5147 Scitis,

95 5245 321 5280 ....---·
1132 5155 1197 5229 bas
1220 5157 1458 5252 eleemosynas
1480 5153 1558 5228 Deo
1581 5156 1739 5248 placere,
1779 5169 1816 5228 et
1843 5181 1966 5250 spem,
2002 5159 2118 5252 ipsum

122 5347 151 5412 n
170 5341 251 5408 snec-
266 5347 338 5386 wm-

122 5435 151 5500 g)
169 5425 252 5492 soeg.
265 5423 324 5469 toto
337 5409 416 5462 orte.
613 5477 620 5492 Ι
1116 5437 1119 5448 .

124 5515 156 5586 s)
174 5507 261 5576 Helo,
276 5495 380 5554 Frisios
392 5483 552 5546 nummus.
586 5475 650 5534 Vri·
662 5491 704 5548 tp·
717 5471 744 5530 d·
757 5469 800 5530 22
812 5471 884 5543 Aug·
1116 5528 1121 5542 ,
1167 5469 1196 5542 ¹¹¹)
1214 5469 1316 5530 iurabo
1329 5468 1487 5528 Probatos.

1327 5536 1405 5618 11*

2183 291 2195 324 Ι

1128 1763 1196 1839 Νο.
1212 1762 1327 1843 2⁷48.
1592 1869 1597 1874 .
1916 1773 1992 1856 (23,
2009 1773 2110 1860 Aug.)
2233 1881 2238 1890 1
