<?xml version="1.0" encoding="UTF-8"?>
<!DOCTYPE html PUBLIC "-//W3C//DTD XHTML 1.0 Transitional//EN"
    "http://www.w3.org/TR/xhtml1/DTD/xhtml1-transitional.dtd">
<html xmlns="http://www.w3.org/1999/xhtml" xml:lang="en" lang="en">
 <head>
  <title>
</title>
<meta http-equiv="Content-Type" content="text/html;charset=utf-8" />
  <meta name='ocr-system' content='tesseract 3.04.00' />
  <meta name='ocr-capabilities' content='ocr_page ocr_carea ocr_par ocr_line ocrx_word'/>
</head>
<body>
  <div class='ocr_page' id='page_1' title='image "./copusreformator00bretgoog_0047.png"; bbox 0 0 4890 6250; ppageno 0'>
   <div class='ocr_carea' id='block_1_1' title="bbox 114 357 2153 462">
    <p class='ocr_par' dir='ltr' id='par_1_1' title="bbox 114 357 2153 462">
     <span class='ocr_line' id='line_1_1' title="bbox 114 357 2153 462; baseline 0.008 -23"><span class='ocrx_word' id='word_1_1' title='bbox 114 365 162 440; x_wconf 79' lang='grc'><strong>88</strong></span> <span class='ocrx_word' id='word_1_2' title='bbox 689 357 1127 454; x_wconf 68' lang='lat' dir='ltr'><strong>uatstonattutu</strong></span> <span class='ocrx_word' id='word_1_3' title='bbox 1183 359 1291 441; x_wconf 79' lang='lat' dir='ltr'><strong>mu.</strong></span> <span class='ocrx_word' id='word_1_4' title='bbox 1327 359 1394 444; x_wconf 82' lang='lat' dir='ltr'><strong>lx,</strong></span> <span class='ocrx_word' id='word_1_5' title='bbox 1443 362 1579 447; x_wconf 71' lang='lat' dir='ltr'><strong>lats.</strong></span> <span class='ocrx_word' id='word_1_6' title='bbox 2103 383 2153 462; x_wconf 77' lang='grc'><strong>84</strong></span> 
     </span>
    </p>
   </div>
   <div class='ocr_carea' id='block_1_2' title="bbox 10 527 2208 3068">
    <p class='ocr_par' dir='ltr' id='par_1_2' title="bbox 10 527 2208 2679">
     <span class='ocr_line' id='line_1_2' title="bbox 113 527 2152 642; baseline 0.012 -40"><span class='ocrx_word' id='word_1_7' title='bbox 113 537 157 609; x_wconf 76' lang='lat' dir='ltr'><strong>ad</strong></span> <span class='ocrx_word' id='word_1_8' title='bbox 172 537 291 629; x_wconf 89' lang='lat' dir='ltr'><strong>ipsum</strong></span> <span class='ocrx_word' id='word_1_9' title='bbox 305 531 510 623; x_wconf 83' lang='lat' dir='ltr'><strong>Nicolaum,</strong></span> <span class='ocrx_word' id='word_1_10' title='bbox 532 533 573 606; x_wconf 90' lang='lat' dir='ltr'><strong>in</strong></span> <span class='ocrx_word' id='word_1_11' title='bbox 588 560 658 632; x_wconf 91' lang='lat' dir='ltr'><strong>qua</strong></span> <span class='ocrx_word' id='word_1_12' title='bbox 673 537 889 608; x_wconf 73' lang='lat' dir='ltr'><strong>mentionem</strong></span> <span class='ocrx_word' id='word_1_13' title='bbox 903 535 988 608; x_wconf 84' lang='lat' dir='ltr'><strong>iacis</strong></span> <span class='ocrx_word' id='word_1_14' title='bbox 1002 527 1108 606; x_wconf 87' lang='lat' dir='ltr'><strong>libel·</strong></span> <span class='ocrx_word' id='word_1_15' title='bbox 1160 555 1282 605; x_wconf 89' lang='lat' dir='ltr'><strong>corum</strong></span> <span class='ocrx_word' id='word_1_16' title='bbox 1297 535 1509 629; x_wconf 89' lang='lat' dir='ltr'><strong>scriptorum</strong></span> <span class='ocrx_word' id='word_1_17' title='bbox 1526 539 1602 611; x_wconf 88' lang='lat' dir='ltr'><strong>sine</strong></span> <span class='ocrx_word' id='word_1_18' title='bbox 1617 539 1820 634; x_wconf 88' lang='lat' dir='ltr'><strong>linguarum</strong></span> <span class='ocrx_word' id='word_1_19' title='bbox 1841 550 2043 642; x_wconf 72' lang='lat' dir='ltr'>cognitione</span> <span class='ocrx_word' id='word_1_20' title='bbox 2066 560 2152 628; x_wconf 85' lang='lat' dir='ltr'><strong>reti-</strong></span> 
     </span>
     <span class='ocr_line' id='line_1_3' title="bbox 114 631 2150 747; baseline 0.019 -55"><span class='ocrx_word' id='word_1_21' title='bbox 114 641 231 710; x_wconf 72' lang='lat' dir='ltr'><strong>10mm</strong></span> <span class='ocrx_word' id='word_1_22' title='bbox 268 638 352 706; x_wconf 71' lang='lat' dir='ltr'><strong>mici</strong></span> <span class='ocrx_word' id='word_1_23' title='bbox 379 637 488 727; x_wconf 80' lang='lat' dir='ltr'><strong>igitur</strong></span> <span class='ocrx_word' id='word_1_24' title='bbox 518 639 717 732; x_wconf 82' lang='lat' dir='ltr'><strong>exemplum</strong></span> <span class='ocrx_word' id='word_1_25' title='bbox 736 631 979 733; x_wconf 78' lang='lat' dir='ltr'><strong>Danielis*),</strong></span> <span class='ocrx_word' id='word_1_26' title='bbox 1011 637 1107 730; x_wconf 87' lang='lat' dir='ltr'><strong>quod</strong></span> <span class='ocrx_word' id='word_1_27' title='bbox 1159 637 1238 705; x_wconf 91' lang='lat' dir='ltr'><strong>neri</strong></span> <span class='ocrx_word' id='word_1_28' title='bbox 1254 659 1328 706; x_wconf 92' lang='lat' dir='ltr'><strong>non</strong></span> <span class='ocrx_word' id='word_1_29' title='bbox 1342 652 1468 730; x_wconf 86' lang='lat' dir='ltr'><strong>potest.</strong></span> <span class='ocrx_word' id='word_1_30' title='bbox 1504 637 1595 712; x_wconf 88' lang='lat' dir='ltr'><strong>Vere</strong></span> <span class='ocrx_word' id='word_1_31' title='bbox 1611 659 1728 716; x_wconf 89' lang='lat' dir='ltr'><strong>autern</strong></span> <span class='ocrx_word' id='word_1_32' title='bbox 1745 650 1932 730; x_wconf 83' lang='lat' dir='ltr'><strong>adfirmare</strong></span> <span class='ocrx_word' id='word_1_33' title='bbox 1945 680 2099 747; x_wconf 85' lang='lat' dir='ltr'><strong>possum,</strong></span> <span class='ocrx_word' id='word_1_34' title='bbox 2116 675 2150 732; x_wconf 90' lang='lat' dir='ltr'><strong>et</strong></span> 
     </span>
     <span class='ocr_line' id='line_1_4' title="bbox 115 735 2148 841; baseline 0.012 -34"><span class='ocrx_word' id='word_1_35' title='bbox 115 742 232 830; x_wconf 85' lang='lat' dir='ltr'><strong>legens</strong></span> <span class='ocrx_word' id='word_1_36' title='bbox 253 761 330 808; x_wconf 89' lang='lat' dir='ltr'><strong>non</strong></span> <span class='ocrx_word' id='word_1_37' title='bbox 352 739 467 809; x_wconf 88' lang='lat' dir='ltr'><strong>solum</strong></span> <span class='ocrx_word' id='word_1_38' title='bbox 491 741 632 810; x_wconf 89' lang='lat' dir='ltr'><strong>veniam</strong></span> <span class='ocrx_word' id='word_1_39' title='bbox 655 739 756 812; x_wconf 85' lang='lat' dir='ltr'><strong>dabis</strong></span> <span class='ocrx_word' id='word_1_40' title='bbox 777 735 890 825; x_wconf 91' lang='lat' dir='ltr'><strong>mihi,</strong></span> <span class='ocrx_word' id='word_1_41' title='bbox 921 736 1107 810; x_wconf 84' lang='lat' dir='ltr'><strong>sedetiam</strong></span> <span class='ocrx_word' id='word_1_42' title='bbox 1159 735 1274 807; x_wconf 88' lang='lat' dir='ltr'><strong>dicam</strong></span> <span class='ocrx_word' id='word_1_43' title='bbox 1288 739 1526 812; x_wconf 86' lang='lat' dir='ltr'><strong>eruditissimo</strong></span> <span class='ocrx_word' id='word_1_44' title='bbox 1540 767 1684 838; x_wconf 79' lang='lat' dir='ltr'><strong>quoque</strong></span> <span class='ocrx_word' id='word_1_45' title='bbox 1697 749 1921 841; x_wconf 84' lang='lat' dir='ltr'><strong>suffragante,</strong></span> <span class='ocrx_word' id='word_1_46' title='bbox 1935 751 2148 832; x_wconf 82' lang='lat' dir='ltr'><strong>Matthiom</strong></span> 
     </span>
     <span class='ocr_line' id='line_1_5' title="bbox 116 832 2147 952; baseline 0.012 -43"><span class='ocrx_word' id='word_1_47' title='bbox 116 840 357 910; x_wconf 83' lang='lat' dir='ltr'><strong>misericordia</strong></span> <span class='ocrx_word' id='word_1_48' title='bbox 381 842 452 909; x_wconf 91' lang='lat' dir='ltr'><strong>mei</strong></span> <span class='ocrx_word' id='word_1_49' title='bbox 476 840 659 926; x_wconf 87' lang='lat' dir='ltr'><strong>adliciere,</strong></span> <span class='ocrx_word' id='word_1_50' title='bbox 700 863 865 932; x_wconf 77' lang='lat' dir='ltr'><strong>agnosces</strong></span> <span class='ocrx_word' id='word_1_51' title='bbox 889 841 1002 924; x_wconf 90' lang='lat' dir='ltr'><strong>enim,</strong></span> <span class='ocrx_word' id='word_1_52' title='bbox 1041 860 1108 908; x_wconf 89' lang='lat' dir='ltr'><strong>nos</strong></span> <span class='ocrx_word' id='word_1_53' title='bbox 1157 832 1360 932; x_wconf 77' lang='lat' dir='ltr'><strong>Illyricum</strong></span> <span class='ocrx_word' id='word_1_54' title='bbox 1378 833 1417 936; x_wconf 76' lang='lat'><strong>⁴⁵)</strong></span> <span class='ocrx_word' id='word_1_55' title='bbox 1448 843 1537 912; x_wconf 88' lang='lat' dir='ltr'><strong>adeo</strong></span> <span class='ocrx_word' id='word_1_56' title='bbox 1559 848 1715 935; x_wconf 87' lang='lat' dir='ltr'><strong>peritum</strong></span> <span class='ocrx_word' id='word_1_57' title='bbox 1735 871 1808 922; x_wconf 86' lang='lat' dir='ltr'><strong>esse</strong></span> <span class='ocrx_word' id='word_1_58' title='bbox 1829 876 1971 944; x_wconf 76' lang='lat' dir='ltr'>graecae</span> <span class='ocrx_word' id='word_1_59' title='bbox 1993 858 2147 952; x_wconf 76' lang='lat' dir='ltr'><strong>linguae,</strong></span> 
     </span>
     <span class='ocr_line' id='line_1_6' title="bbox 118 936 2146 1054; baseline 0.015 -49"><span class='ocrx_word' id='word_1_60' title='bbox 118 944 219 1013; x_wconf 79' lang='lat' dir='ltr'><strong>valde</strong></span> <span class='ocrx_word' id='word_1_61' title='bbox 243 965 368 1033; x_wconf 84' lang='lat' dir='ltr'><strong>parum</strong></span> <span class='ocrx_word' id='word_1_62' title='bbox 390 936 520 1011; x_wconf 88' lang='lat' dir='ltr'><strong>habere</strong></span> <span class='ocrx_word' id='word_1_63' title='bbox 544 943 713 1035; x_wconf 87' lang='lat' dir='ltr'><strong>temporis</strong></span> <span class='ocrx_word' id='word_1_64' title='bbox 739 944 786 1013; x_wconf 89' lang='lat' dir='ltr'><strong>ad</strong></span> <span class='ocrx_word' id='word_1_65' title='bbox 806 937 870 1010; x_wconf 90' lang='lat' dir='ltr'><strong>has</strong></span> <span class='ocrx_word' id='word_1_66' title='bbox 889 939 1108 1013; x_wconf 89' lang='lat' dir='ltr'><strong>lucubratio-</strong></span> <span class='ocrx_word' id='word_1_67' title='bbox 1157 951 1199 1008; x_wconf 93' lang='lat' dir='ltr'><strong>nt</strong></span> <span class='ocrx_word' id='word_1_68' title='bbox 1231 939 1325 1010; x_wconf 91' lang='lat' dir='ltr'><strong>nulli</strong></span> <span class='ocrx_word' id='word_1_69' title='bbox 1358 941 1714 1018; x_wconf 86' lang='lat' dir='ltr'><strong>celebratissimorum</strong></span> <span class='ocrx_word' id='word_1_70' title='bbox 1737 953 1975 1044; x_wconf 83' lang='lat' dir='ltr'><strong>professorum</strong></span> <span class='ocrx_word' id='word_1_71' title='bbox 2001 975 2146 1054; x_wconf 87' lang='lat' dir='ltr'><strong>postpo-</strong></span> 
     </span>
     <span class='ocr_line' id='line_1_7' title="bbox 121 1035 2147 1155; baseline 0.015 -47"><span class='ocrx_word' id='word_1_72' title='bbox 121 1066 192 1116; x_wconf 81' lang='lat' dir='ltr'><strong>nes.</strong></span> <span class='ocrx_word' id='word_1_73' title='bbox 243 1040 321 1112; x_wconf 88' lang='lat' dir='ltr'><strong>Etsi</strong></span> <span class='ocrx_word' id='word_1_74' title='bbox 335 1053 451 1112; x_wconf 88' lang='lat' dir='ltr'><strong>autem</strong></span> <span class='ocrx_word' id='word_1_75' title='bbox 468 1043 539 1114; x_wconf 92' lang='lat' dir='ltr'><strong>iam</strong></span> <span class='ocrx_word' id='word_1_76' title='bbox 553 1067 648 1113; x_wconf 90' lang='lat' dir='ltr'><strong>eram</strong></span> <span class='ocrx_word' id='word_1_77' title='bbox 663 1055 874 1136; x_wconf 89' lang='lat' dir='ltr'><strong>occupatus,</strong></span> <span class='ocrx_word' id='word_1_78' title='bbox 898 1055 1017 1112; x_wconf 85' lang='lat' dir='ltr'><strong>tamen</strong></span> <span class='ocrx_word' id='word_1_79' title='bbox 1038 1035 1108 1110; x_wconf 87' lang='lat' dir='ltr'><strong>ho·</strong></span> <span class='ocrx_word' id='word_1_80' title='bbox 1157 1041 1297 1110; x_wconf 88' lang='lat' dir='ltr'><strong>nendus</strong></span> <span class='ocrx_word' id='word_1_81' title='bbox 1311 1039 1369 1116; x_wconf 87' lang='lat' dir='ltr'><strong>sit.</strong></span> <span class='ocrx_word' id='word_1_82' title='bbox 1417 1040 1508 1116; x_wconf 84' lang='lat' dir='ltr'><strong>Erat</strong></span> <span class='ocrx_word' id='word_1_83' title='bbox 1528 1041 1589 1117; x_wconf 90' lang='lat' dir='ltr'><strong>hic</strong></span> <span class='ocrx_word' id='word_1_84' title='bbox 1610 1044 1759 1123; x_wconf 88' lang='lat' dir='ltr'><strong>honesto</strong></span> <span class='ocrx_word' id='word_1_85' title='bbox 1782 1053 1879 1143; x_wconf 91' lang='lat' dir='ltr'><strong>loco;</strong></span> <span class='ocrx_word' id='word_1_86' title='bbox 1905 1060 1967 1129; x_wconf 90' lang='lat' dir='ltr'><strong>sed</strong></span> <span class='ocrx_word' id='word_1_87' title='bbox 1990 1067 2147 1155; x_wconf 88' lang='lat' dir='ltr'><strong>quodam</strong></span> 
     </span>
     <span class='ocr_line' id='line_1_8' title="bbox 127 1141 2146 1251; baseline 0.017 -47"><span class='ocrx_word' id='word_1_88' title='bbox 127 1145 181 1214; x_wconf 76' lang='lat' dir='ltr'><strong>die</strong></span> <span class='ocrx_word' id='word_1_89' title='bbox 201 1144 329 1213; x_wconf 87' lang='lat' dir='ltr'><strong>bonam</strong></span> <span class='ocrx_word' id='word_1_90' title='bbox 348 1155 484 1234; x_wconf 88' lang='lat' dir='ltr'><strong>partem</strong></span> <span class='ocrx_word' id='word_1_91' title='bbox 506 1157 648 1215; x_wconf 88' lang='lat' dir='ltr'><strong>tuarum</strong></span> <span class='ocrx_word' id='word_1_92' title='bbox 670 1145 883 1216; x_wconf 90' lang='lat' dir='ltr'><strong>concionum</strong></span> <span class='ocrx_word' id='word_1_93' title='bbox 911 1144 1000 1232; x_wconf 90' lang='lat' dir='ltr'><strong>legi,</strong></span> <span class='ocrx_word' id='word_1_94' title='bbox 1031 1163 1108 1212; x_wconf 89' lang='lat' dir='ltr'><strong>eas-</strong></span> <span class='ocrx_word' id='word_1_95' title='bbox 1157 1141 1356 1212; x_wconf 87' lang='lat' dir='ltr'><strong>academiae</strong></span> <span class='ocrx_word' id='word_1_96' title='bbox 1371 1157 1506 1217; x_wconf 85' lang='lat' dir='ltr'><strong>vestrae</strong></span> <span class='ocrx_word' id='word_1_97' title='bbox 1519 1149 1656 1237; x_wconf 88' lang='lat' dir='ltr'><strong>studio,</strong></span> <span class='ocrx_word' id='word_1_98' title='bbox 1680 1151 1739 1222; x_wconf 92' lang='lat' dir='ltr'><strong>cui</strong></span> <span class='ocrx_word' id='word_1_99' title='bbox 1754 1179 1810 1224; x_wconf 90' lang='lat' dir='ltr'><strong>me</strong></span> <span class='ocrx_word' id='word_1_100' title='bbox 1823 1158 1935 1229; x_wconf 89' lang='lat' dir='ltr'><strong>fateor</strong></span> <span class='ocrx_word' id='word_1_101' title='bbox 1951 1161 2146 1251; x_wconf 87' lang='lat' dir='ltr'><strong>plurimum</strong></span> 
     </span>
     <span class='ocr_line' id='line_1_9' title="bbox 129 1235 2145 1340; baseline 0.017 -33"><span class='ocrx_word' id='word_1_102' title='bbox 129 1269 193 1338; x_wconf 86' lang='lat' dir='ltr'><strong>qne</strong></span> <span class='ocrx_word' id='word_1_103' title='bbox 216 1267 423 1334; x_wconf 83' lang='lat' dir='ltr'><strong>magnopere</strong></span> <span class='ocrx_word' id='word_1_104' title='bbox 446 1244 570 1336; x_wconf 87' lang='lat' dir='ltr'><strong>probo.</strong></span> <span class='ocrx_word' id='word_1_105' title='bbox 626 1241 676 1315; x_wconf 94' lang='lat' dir='ltr'><strong>Et</strong></span> <span class='ocrx_word' id='word_1_106' title='bbox 697 1267 822 1316; x_wconf 88' lang='lat' dir='ltr'><strong>censeo</strong></span> <span class='ocrx_word' id='word_1_107' title='bbox 844 1247 996 1314; x_wconf 88' lang='lat' dir='ltr'><strong>edendas</strong></span> <span class='ocrx_word' id='word_1_108' title='bbox 1022 1265 1106 1316; x_wconf 90' lang='lat' dir='ltr'><strong>esse.</strong></span> <span class='ocrx_word' id='word_1_109' title='bbox 1157 1243 1286 1312; x_wconf 88' lang='lat' dir='ltr'><strong>debere</strong></span> <span class='ocrx_word' id='word_1_110' title='bbox 1301 1235 1378 1339; x_wconf 78' lang='lat'><strong>**),</strong></span> <span class='ocrx_word' id='word_1_111' title='bbox 1410 1245 1464 1316; x_wconf 85' lang='lat' dir='ltr'><strong>lui</strong></span> <span class='ocrx_word' id='word_1_112' title='bbox 1480 1248 1512 1317; x_wconf 88' lang='lat' dir='ltr'><strong>ei</strong></span> <span class='ocrx_word' id='word_1_113' title='bbox 1527 1241 1706 1334; x_wconf 89' lang='lat' dir='ltr'><strong>hortator,</strong></span> <span class='ocrx_word' id='word_1_114' title='bbox 1732 1267 1789 1340; x_wconf 91' lang='lat' dir='ltr'><strong>ut,</strong></span> <span class='ocrx_word' id='word_1_115' title='bbox 1815 1257 1925 1329; x_wconf 90' lang='lat' dir='ltr'><strong>literis</strong></span> <span class='ocrx_word' id='word_1_116' title='bbox 1949 1263 2145 1340; x_wconf 87' lang='lat' dir='ltr'><strong>amicorum</strong></span> 
     </span>
     <span class='ocr_line' id='line_1_10' title="bbox 124 1337 2145 1456; baseline 0.009 -40"><span class='ocrx_word' id='word_1_117' title='bbox 124 1343 236 1416; x_wconf 90' lang='lat' dir='ltr'><strong>Probo</strong></span> <span class='ocrx_word' id='word_1_118' title='bbox 255 1339 346 1414; x_wconf 92' lang='lat' dir='ltr'><strong>hanc</strong></span> <span class='ocrx_word' id='word_1_119' title='bbox 358 1345 470 1436; x_wconf 89' lang='lat' dir='ltr'><strong>ipsam</strong></span> <span class='ocrx_word' id='word_1_120' title='bbox 486 1345 682 1438; x_wconf 80' lang='lat' dir='ltr'><strong>simplicem</strong></span> <span class='ocrx_word' id='word_1_121' title='bbox 707 1358 742 1417; x_wconf 90' lang='lat' dir='ltr'><strong>et</strong></span> <span class='ocrx_word' id='word_1_122' title='bbox 763 1347 920 1418; x_wconf 82' lang='lat' dir='ltr'><strong>nativam</strong></span> <span class='ocrx_word' id='word_1_123' title='bbox 938 1345 1108 1416; x_wconf 88' lang='lat' dir='ltr'><strong>elocutio-</strong></span> <span class='ocrx_word' id='word_1_124' title='bbox 1157 1337 1275 1413; x_wconf 88' lang='lat' dir='ltr'><strong>isthuc</strong></span> <span class='ocrx_word' id='word_1_125' title='bbox 1292 1347 1498 1434; x_wconf 87' lang='lat' dir='ltr'><strong>accersitus,</strong></span> <span class='ocrx_word' id='word_1_126' title='bbox 1521 1373 1562 1419; x_wconf 90' lang='lat' dir='ltr'><strong>eo</strong></span> <span class='ocrx_word' id='word_1_127' title='bbox 1585 1375 1622 1422; x_wconf 87' lang='lat' dir='ltr'><strong>se</strong></span> <span class='ocrx_word' id='word_1_128' title='bbox 1642 1353 1827 1430; x_wconf 86' lang='lat' dir='ltr'><strong>conferret.</strong></span> <span class='ocrx_word' id='word_1_129' title='bbox 1877 1359 1951 1432; x_wconf 88' lang='lat' dir='ltr'><strong>Nec</strong></span> <span class='ocrx_word' id='word_1_130' title='bbox 1971 1365 2145 1456; x_wconf 85' lang='lat' dir='ltr'><strong>dubitavi,</strong></span> 
     </span>
     <span class='ocr_line' id='line_1_11' title="bbox 120 1439 2160 1554; baseline 0.013 -40"><span class='ocrx_word' id='word_1_131' title='bbox 120 1469 196 1514; x_wconf 89' lang='lat' dir='ltr'><strong>nem</strong></span> <span class='ocrx_word' id='word_1_132' title='bbox 223 1439 318 1514; x_wconf 91' lang='lat' dir='ltr'><strong>nihil</strong></span> <span class='ocrx_word' id='word_1_133' title='bbox 342 1439 531 1516; x_wconf 89' lang='lat' dir='ltr'><strong>habentem</strong></span> <span class='ocrx_word' id='word_1_134' title='bbox 557 1445 739 1518; x_wconf 79' lang='lat' dir='ltr'><strong>ambitiosi</strong></span> <span class='ocrx_word' id='word_1_135' title='bbox 761 1460 918 1520; x_wconf 89' lang='lat' dir='ltr'><strong>ornatus.</strong></span> <span class='ocrx_word' id='word_1_136' title='bbox 976 1443 1023 1516; x_wconf 89' lang='lat' dir='ltr'><strong>Et</strong></span> <span class='ocrx_word' id='word_1_137' title='bbox 1051 1467 1106 1514; x_wconf 89' lang='lat' dir='ltr'><strong>res</strong></span> <span class='ocrx_word' id='word_1_138' title='bbox 1157 1467 1289 1534; x_wconf 88' lang='lat' dir='ltr'><strong>magno</strong></span> <span class='ocrx_word' id='word_1_139' title='bbox 1307 1462 1513 1519; x_wconf 89' lang='lat' dir='ltr'><strong>ornamento</strong></span> <span class='ocrx_word' id='word_1_140' title='bbox 1531 1473 1612 1521; x_wconf 89' lang='lat' dir='ltr'><strong>enm</strong></span> <span class='ocrx_word' id='word_1_141' title='bbox 1629 1454 1706 1525; x_wconf 84' lang='lat' dir='ltr'><strong>fore</strong></span> <span class='ocrx_word' id='word_1_142' title='bbox 1721 1458 1908 1531; x_wconf 89' lang='lat' dir='ltr'><strong>universae</strong></span> <span class='ocrx_word' id='word_1_143' title='bbox 1922 1465 2056 1554; x_wconf 84' lang='lat' dir='ltr'><strong>patriae</strong></span> <span class='ocrx_word' id='word_1_144' title='bbox 2078 1452 2160 1540; x_wconf 68' lang='lat' dir='ltr'><strong>no-¹</strong></span> 
     </span>
     <span class='ocr_line' id='line_1_12' title="bbox 10 1543 2146 1653; baseline 0.028 -69"><span class='ocrx_word' id='word_1_145' title='bbox 10 1569 13 1584; x_wconf 82' lang='lat'>‚</span> <span class='ocrx_word' id='word_1_146' title='bbox 117 1559 197 1616; x_wconf 71' lang='lat' dir='ltr'><strong>,unt</strong></span> <span class='ocrx_word' id='word_1_147' title='bbox 210 1568 335 1635; x_wconf 58' lang='lat' dir='ltr'><strong>graves</strong></span> <span class='ocrx_word' id='word_1_148' title='bbox 351 1560 386 1616; x_wconf 64' lang='lat' dir='ltr'><strong>er</strong></span> <span class='ocrx_word' id='word_1_149' title='bbox 400 1546 516 1617; x_wconf 69' lang='lat' dir='ltr'><strong>utiles.</strong></span> <span class='ocrx_word' id='word_1_150' title='bbox 565 1543 679 1637; x_wconf 83' lang='lat' dir='ltr'><strong>Agam</strong></span> <span class='ocrx_word' id='word_1_151' title='bbox 696 1548 806 1639; x_wconf 90' lang='lat' dir='ltr'><strong>igitur</strong></span> <span class='ocrx_word' id='word_1_152' title='bbox 823 1571 904 1618; x_wconf 91' lang='lat' dir='ltr'><strong>cum</strong></span> <span class='ocrx_word' id='word_1_153' title='bbox 922 1545 1107 1642; x_wconf 88' lang='lat' dir='ltr'><strong>Typogra·</strong></span> <span class='ocrx_word' id='word_1_154' title='bbox 1158 1558 1261 1622; x_wconf 88' lang='lat' dir='ltr'><strong>strae.</strong></span> <span class='ocrx_word' id='word_1_155' title='bbox 1313 1544 1405 1636; x_wconf 90' lang='lat' dir='ltr'><strong>Quis</strong></span> <span class='ocrx_word' id='word_1_156' title='bbox 1420 1551 1515 1619; x_wconf 87' lang='lat' dir='ltr'><strong>enirn</strong></span> <span class='ocrx_word' id='word_1_157' title='bbox 1530 1552 1594 1623; x_wconf 92' lang='lat' dir='ltr'><strong>illo</strong></span> <span class='ocrx_word' id='word_1_158' title='bbox 1609 1576 1729 1644; x_wconf 85' lang='lat' dir='ltr'><strong>graece</strong></span> <span class='ocrx_word' id='word_1_159' title='bbox 1744 1561 1866 1632; x_wconf 85' lang='lat' dir='ltr'><strong>scribit</strong></span> <span class='ocrx_word' id='word_1_160' title='bbox 1887 1563 2045 1653; x_wconf 82' lang='lat' dir='ltr'><strong>facilius,</strong></span> <span class='ocrx_word' id='word_1_161' title='bbox 2068 1594 2146 1642; x_wconf 89' lang='lat' dir='ltr'><strong>car-</strong></span> 
     </span>
     <span class='ocr_line' id='line_1_13' title="bbox 115 1643 2147 1751; baseline 0.014 -36"><span class='ocrx_word' id='word_1_162' title='bbox 115 1643 212 1738; x_wconf 89' lang='lat' dir='ltr'><strong>pbis‚</strong></span> <span class='ocrx_word' id='word_1_163' title='bbox 239 1661 302 1718; x_wconf 90' lang='lat' dir='ltr'><strong>aut</strong></span> <span class='ocrx_word' id='word_1_164' title='bbox 316 1647 347 1716; x_wconf 87' lang='lat' dir='ltr'><strong>si</strong></span> <span class='ocrx_word' id='word_1_165' title='bbox 360 1647 473 1718; x_wconf 88' lang='lat' dir='ltr'><strong>mavis</strong></span> <span class='ocrx_word' id='word_1_166' title='bbox 486 1647 574 1717; x_wconf 90' lang='lat' dir='ltr'><strong>alibi</strong></span> <span class='ocrx_word' id='word_1_167' title='bbox 589 1649 729 1734; x_wconf 87' lang='lat' dir='ltr'><strong>excudi,</strong></span> <span class='ocrx_word' id='word_1_168' title='bbox 754 1648 937 1740; x_wconf 84' lang='lat' dir='ltr'><strong>significes.</strong></span> <span class='ocrx_word' id='word_1_169' title='bbox 990 1645 1108 1718; x_wconf 90' lang='lat' dir='ltr'><strong>Tuea-</strong></span> <span class='ocrx_word' id='word_1_170' title='bbox 1155 1669 1239 1715; x_wconf 90' lang='lat' dir='ltr'><strong>men</strong></span> <span class='ocrx_word' id='word_1_171' title='bbox 1271 1658 1306 1718; x_wconf 89' lang='lat' dir='ltr'><strong>et</strong></span> <span class='ocrx_word' id='word_1_172' title='bbox 1338 1648 1489 1720; x_wconf 88' lang='lat' dir='ltr'><strong>solutam</strong></span> <span class='ocrx_word' id='word_1_173' title='bbox 1524 1647 1745 1728; x_wconf 81' lang='lat' dir='ltr'><strong>orationem?</strong></span> <span class='ocrx_word' id='word_1_174' title='bbox 1794 1659 1886 1751; x_wconf 87' lang='lat' dir='ltr'><strong>Quis</strong></span> <span class='ocrx_word' id='word_1_175' title='bbox 1908 1667 2081 1740; x_wconf 85' lang='lat' dir='ltr'><strong>eruditius</strong></span> <span class='ocrx_word' id='word_1_176' title='bbox 2102 1676 2147 1744; x_wconf 86' lang='lat' dir='ltr'><strong>de</strong></span> 
     </span>
     <span class='ocr_line' id='line_1_14' title="bbox 113 1745 2208 1854; baseline 0.015 -39"><span class='ocrx_word' id='word_1_177' title='bbox 113 1771 195 1818; x_wconf 89' lang='lat' dir='ltr'><strong>mur</strong></span> <span class='ocrx_word' id='word_1_178' title='bbox 223 1748 343 1817; x_wconf 84' lang='lat' dir='ltr'><strong>studia</strong></span> <span class='ocrx_word' id='word_1_179' title='bbox 360 1746 549 1838; x_wconf 88' lang='lat' dir='ltr'><strong>Evangelii</strong></span> <span class='ocrx_word' id='word_1_180' title='bbox 578 1761 614 1819; x_wconf 89' lang='lat' dir='ltr'><strong>et</strong></span> <span class='ocrx_word' id='word_1_181' title='bbox 637 1745 876 1820; x_wconf 82' lang='lat' dir='ltr'><strong>Ecclesiamm</strong></span> <span class='ocrx_word' id='word_1_182' title='bbox 904 1759 1105 1848; x_wconf 74' lang='lat' dir='ltr'><strong>nostrarum</strong></span> <span class='ocrx_word' id='word_1_183' title='bbox 1155 1746 1370 1840; x_wconf 83' lang='lat' dir='ltr'><strong>proprietate</strong></span> <span class='ocrx_word' id='word_1_184' title='bbox 1385 1751 1527 1842; x_wconf 87' lang='lat' dir='ltr'><strong>linguae</strong></span> <span class='ocrx_word' id='word_1_185' title='bbox 1541 1755 1698 1830; x_wconf 77' lang='lat' dir='ltr'><strong>iudicat?</strong></span> <span class='ocrx_word' id='word_1_186' title='bbox 1747 1758 1859 1854; x_wconf 88' lang='lat' dir='ltr'><strong>Saepe</strong></span> <span class='ocrx_word' id='word_1_187' title='bbox 1882 1766 1978 1836; x_wconf 91' lang='lat' dir='ltr'><strong>enim</strong></span> <span class='ocrx_word' id='word_1_188' title='bbox 2000 1793 2082 1840; x_wconf 87' lang='lat' dir='ltr'><strong>eum</strong></span> <span class='ocrx_word' id='word_1_189' title='bbox 2103 1798 2145 1846; x_wconf 87' lang='lat' dir='ltr'><strong>eo</strong></span> <span class='ocrx_word' id='word_1_190' title='bbox 2200 1803 2208 1812; x_wconf 74' lang='lat'><strong><em>¹</em></strong></span> 
     </span>
     <span class='ocr_line' id='line_1_15' title="bbox 113 1849 2146 1962; baseline 0.018 -51"><span class='ocrx_word' id='word_1_191' title='bbox 113 1849 341 1920; x_wconf 81' lang='lat' dir='ltr'><strong>concordiam</strong></span> <span class='ocrx_word' id='word_1_192' title='bbox 357 1862 530 1942; x_wconf 79' lang='lat' dir='ltr'><strong>‹ptantum</strong></span> <span class='ocrx_word' id='word_1_193' title='bbox 552 1851 701 1920; x_wconf 90' lang='lat' dir='ltr'><strong>omnino</strong></span> <span class='ocrx_word' id='word_1_194' title='bbox 724 1873 929 1941; x_wconf 86' lang='lat' dir='ltr'><strong>possumus,</strong></span> <span class='ocrx_word' id='word_1_195' title='bbox 961 1851 1027 1920; x_wconf 88' lang='lat' dir='ltr'><strong>deo</strong></span> <span class='ocrx_word' id='word_1_196' title='bbox 1049 1849 1107 1940; x_wconf 86' lang='lat' dir='ltr'><strong>ju·</strong></span> <span class='ocrx_word' id='word_1_197' title='bbox 1156 1850 1201 1918; x_wconf 89' lang='lat' dir='ltr'><strong>de</strong></span> <span class='ocrx_word' id='word_1_198' title='bbox 1223 1850 1328 1920; x_wconf 89' lang='lat' dir='ltr'><strong>certis</strong></span> <span class='ocrx_word' id='word_1_199' title='bbox 1349 1851 1435 1923; x_wconf 90' lang='lat' dir='ltr'><strong>locis</strong></span> <span class='ocrx_word' id='word_1_200' title='bbox 1452 1851 1557 1925; x_wconf 91' lang='lat' dir='ltr'><strong>Pauli</strong></span> <span class='ocrx_word' id='word_1_201' title='bbox 1577 1857 1776 1951; x_wconf 86' lang='lat' dir='ltr'><strong>disputavi,</strong></span> <span class='ocrx_word' id='word_1_202' title='bbox 1808 1887 1897 1957; x_wconf 88' lang='lat' dir='ltr'><strong>quos</strong></span> <span class='ocrx_word' id='word_1_203' title='bbox 1918 1868 1995 1939; x_wconf 88' lang='lat' dir='ltr'><strong>sine</strong></span> <span class='ocrx_word' id='word_1_204' title='bbox 2014 1875 2146 1962; x_wconf 88' lang='lat' dir='ltr'><strong>graecis</strong></span> 
     </span>
     <span class='ocr_line' id='line_1_16' title="bbox 112 1947 2145 2052; baseline 0.013 -34"><span class='ocrx_word' id='word_1_205' title='bbox 112 1962 229 2022; x_wconf 84' lang='lat' dir='ltr'><strong>vante.</strong></span> <span class='ocrx_word' id='word_1_206' title='bbox 280 1947 372 2019; x_wconf 88' lang='lat' dir='ltr'><strong>Nam</strong></span> <span class='ocrx_word' id='word_1_207' title='bbox 390 1949 596 2042; x_wconf 88' lang='lat' dir='ltr'><strong>impendent</strong></span> <span class='ocrx_word' id='word_1_208' title='bbox 610 1952 730 2040; x_wconf 88' lang='lat' dir='ltr'><strong>magni</strong></span> <span class='ocrx_word' id='word_1_209' title='bbox 744 1952 935 2035; x_wconf 87' lang='lat' dir='ltr'><strong>tumultus,</strong></span> <span class='ocrx_word' id='word_1_210' title='bbox 959 1973 1106 2040; x_wconf 88' lang='lat' dir='ltr'><strong>magnae</strong></span> <span class='ocrx_word' id='word_1_211' title='bbox 1156 1953 1397 2021; x_wconf 89' lang='lat' dir='ltr'><strong>monumentis</strong></span> <span class='ocrx_word' id='word_1_212' title='bbox 1411 1977 1575 2028; x_wconf 89' lang='lat' dir='ltr'><strong>enarrare</strong></span> <span class='ocrx_word' id='word_1_213' title='bbox 1590 1971 1642 2030; x_wconf 87' lang='lat' dir='ltr'><strong>est</strong></span> <span class='ocrx_word' id='word_1_214' title='bbox 1663 1962 1768 2052; x_wconf 89' lang='lat' dir='ltr'><strong>plane</strong></span> <span class='ocrx_word' id='word_1_215' title='bbox 1790 1989 1896 2038; x_wconf 52' lang='lat' dir='ltr'><strong>caeca.</strong></span> <span class='ocrx_word' id='word_1_216' title='bbox 1917 1984 2020 2042; x_wconf 87' lang='lat' dir='ltr'><strong>nocte</strong></span> <span class='ocrx_word' id='word_1_217' title='bbox 2042 1979 2145 2046; x_wconf 87' lang='lat' dir='ltr'><strong>navi-</strong></span> 
     </span>
     <span class='ocr_line' id='line_1_17' title="bbox 111 2048 2146 2164; baseline 0.024 -64"><span class='ocrx_word' id='word_1_218' title='bbox 111 2049 319 2141; x_wconf 63' lang='lat' dir='ltr'><strong>pfincipum</strong></span> <span class='ocrx_word' id='word_1_219' title='bbox 337 2051 545 2125; x_wconf 68' lang='lat' dir='ltr'><strong>discordiae,</strong></span> <span class='ocrx_word' id='word_1_220' title='bbox 595 2048 652 2121; x_wconf 90' lang='lat' dir='ltr'><strong>Eo</strong></span> <span class='ocrx_word' id='word_1_221' title='bbox 673 2051 784 2142; x_wconf 87' lang='lat' dir='ltr'><strong>magis</strong></span> <span class='ocrx_word' id='word_1_222' title='bbox 808 2073 874 2122; x_wconf 88' lang='lat' dir='ltr'><strong>nos</strong></span> <span class='ocrx_word' id='word_1_223' title='bbox 897 2055 996 2122; x_wconf 91' lang='lat' dir='ltr'><strong>decet</strong></span> <span class='ocrx_word' id='word_1_224' title='bbox 1019 2073 1105 2124; x_wconf 88' lang='lat' dir='ltr'><strong>con·</strong></span> <span class='ocrx_word' id='word_1_225' title='bbox 1155 2073 1257 2143; x_wconf 88' lang='lat' dir='ltr'><strong>gare,</strong></span> <span class='ocrx_word' id='word_1_226' title='bbox 1291 2065 1331 2125; x_wconf 91' lang='lat' dir='ltr'><strong>ut</strong></span> <span class='ocrx_word' id='word_1_227' title='bbox 1351 2054 1430 2124; x_wconf 87' lang='lat' dir='ltr'><strong>dici</strong></span> <span class='ocrx_word' id='word_1_228' title='bbox 1444 2057 1544 2128; x_wconf 87' lang='lat' dir='ltr'><strong>solet.</strong></span> <span class='ocrx_word' id='word_1_229' title='bbox 1602 2055 1767 2153; x_wconf 88' lang='lat' dir='ltr'><strong>Intelligo</strong></span> <span class='ocrx_word' id='word_1_230' title='bbox 1786 2080 1903 2138; x_wconf 84' lang='lat' dir='ltr'><strong>autern</strong></span> <span class='ocrx_word' id='word_1_231' title='bbox 1927 2069 2055 2164; x_wconf 88' lang='lat' dir='ltr'><strong>viginti</strong></span> <span class='ocrx_word' id='word_1_232' title='bbox 2080 2100 2146 2147; x_wconf 90' lang='lat' dir='ltr'><strong>au-</strong></span> 
     </span>
     <span class='ocr_line' id='line_1_18' title="bbox 110 2150 2146 2248; baseline 0.014 -29"><span class='ocrx_word' id='word_1_233' title='bbox 110 2151 261 2240; x_wconf 89' lang='lat' dir='ltr'><strong>iungere</strong></span> <span class='ocrx_word' id='word_1_234' title='bbox 277 2150 475 2222; x_wconf 87' lang='lat' dir='ltr'><strong>voluntates</strong></span> <span class='ocrx_word' id='word_1_235' title='bbox 490 2165 524 2224; x_wconf 89' lang='lat' dir='ltr'><strong>et</strong></span> <span class='ocrx_word' id='word_1_236' title='bbox 538 2154 664 2225; x_wconf 89' lang='lat' dir='ltr'><strong>studia.</strong></span> <span class='ocrx_word' id='word_1_237' title='bbox 704 2150 1018 2245; x_wconf 67' lang='lat' dir='ltr'><strong>‘Ruuntimperia</strong></span> <span class='ocrx_word' id='word_1_238' title='bbox 1045 2155 1105 2222; x_wconf 88' lang='lat' dir='ltr'><strong>sed</strong></span> <span class='ocrx_word' id='word_1_239' title='bbox 1155 2175 1235 2222; x_wconf 91' lang='lat' dir='ltr'><strong>reos</strong></span> <span class='ocrx_word' id='word_1_240' title='bbox 1250 2152 1293 2222; x_wconf 91' lang='lat' dir='ltr'><strong>de</strong></span> <span class='ocrx_word' id='word_1_241' title='bbox 1308 2154 1484 2246; x_wconf 89' lang='lat' dir='ltr'><strong>stipendio</strong></span> <span class='ocrx_word' id='word_1_242' title='bbox 1503 2159 1579 2230; x_wconf 89' lang='lat' dir='ltr'><strong>eius</strong></span> <span class='ocrx_word' id='word_1_243' title='bbox 1599 2158 1751 2239; x_wconf 87' lang='lat' dir='ltr'><strong>detrahi.</strong></span> <span class='ocrx_word' id='word_1_244' title='bbox 1802 2165 1874 2238; x_wconf 91' lang='lat' dir='ltr'><strong>Nec</strong></span> <span class='ocrx_word' id='word_1_245' title='bbox 1897 2171 2146 2248; x_wconf 89' lang='lat' dir='ltr'><strong>decausadis-</strong></span> 
     </span>
     <span class='ocr_line' id='line_1_19' title="bbox 109 2244 2146 2356; baseline 0.014 -36"><span class='ocrx_word' id='word_1_246' title='bbox 109 2247 294 2321; x_wconf 86' lang='lat' dir='ltr'><strong>Ecclesiae</strong></span> <span class='ocrx_word' id='word_1_247' title='bbox 309 2251 740 2346; x_wconf 88' lang='lat' dir='ltr'><strong>reliquiaeservabuntur.</strong></span> <span class='ocrx_word' id='word_1_248' title='bbox 790 2251 889 2323; x_wconf 90' lang='lat' dir='ltr'><strong>Bene</strong></span> <span class='ocrx_word' id='word_1_249' title='bbox 904 2255 981 2324; x_wconf 92' lang='lat' dir='ltr'><strong>vale</strong></span> <span class='ocrx_word' id='word_1_250' title='bbox 998 2254 1104 2324; x_wconf 87' lang='lat' dir='ltr'><strong>caris·</strong></span> <span class='ocrx_word' id='word_1_251' title='bbox 1156 2244 1264 2346; x_wconf 73' lang='lat' dir='ltr'><strong>p&#39;uto,</strong></span> <span class='ocrx_word' id='word_1_252' title='bbox 1302 2278 1368 2326; x_wconf 88' lang='lat' dir='ltr'><strong>nec</strong></span> <span class='ocrx_word' id='word_1_253' title='bbox 1389 2281 1445 2325; x_wconf 92' lang='lat' dir='ltr'><strong>me</strong></span> <span class='ocrx_word' id='word_1_254' title='bbox 1469 2258 1604 2330; x_wconf 85' lang='lat' dir='ltr'><strong>alienae</strong></span> <span class='ocrx_word' id='word_1_255' title='bbox 1634 2265 1850 2356; x_wconf 89' lang='lat' dir='ltr'><strong>reipublicae</strong></span> <span class='ocrx_word' id='word_1_256' title='bbox 1877 2272 2146 2349; x_wconf 89' lang='lat' dir='ltr'><strong>deliberationi-</strong></span> 
     </span>
     <span class='ocr_line' id='line_1_20' title="bbox 108 2347 2157 2462; baseline 0.015 -41"><span class='ocrx_word' id='word_1_257' title='bbox 108 2353 199 2422; x_wconf 89' lang='lat' dir='ltr'><strong>sime</strong></span> <span class='ocrx_word' id='word_1_258' title='bbox 215 2347 356 2432; x_wconf 81' lang='lat' dir='ltr'><strong>Sateli,</strong></span> <span class='ocrx_word' id='word_1_259' title='bbox 381 2367 414 2424; x_wconf 86' lang='lat' dir='ltr'><strong>et</strong></span> <span class='ocrx_word' id='word_1_260' title='bbox 429 2355 541 2424; x_wconf 88' lang='lat' dir='ltr'><strong>saluta</strong></span> <span class='ocrx_word' id='word_1_261' title='bbox 555 2367 713 2424; x_wconf 89' lang='lat' dir='ltr'><strong>amanter</strong></span> <span class='ocrx_word' id='word_1_262' title='bbox 735 2355 824 2424; x_wconf 86' lang='lat' dir='ltr'><strong>meis</strong></span> <span class='ocrx_word' id='word_1_263' title='bbox 845 2354 962 2425; x_wconf 88' lang='lat' dir='ltr'><strong>verbis</strong></span> <span class='ocrx_word' id='word_1_264' title='bbox 978 2351 1105 2425; x_wconf 90' lang='lat' dir='ltr'><strong>Domi·</strong></span> <span class='ocrx_word' id='word_1_265' title='bbox 1155 2356 1222 2424; x_wconf 85' lang='lat' dir='ltr'><strong>bus</strong></span> <span class='ocrx_word' id='word_1_266' title='bbox 1237 2355 1376 2446; x_wconf 91' lang='lat' dir='ltr'><strong>ingero,</strong></span> <span class='ocrx_word' id='word_1_267' title='bbox 1394 2356 1484 2452; x_wconf 73' lang='lat' dir='ltr'><strong>(etsi</strong></span> <span class='ocrx_word' id='word_1_268' title='bbox 1508 2355 1738 2436; x_wconf 89' lang='lat' dir='ltr'><strong>humanitatis</strong></span> <span class='ocrx_word' id='word_1_269' title='bbox 1761 2381 1813 2438; x_wconf 92' lang='lat' dir='ltr'><strong>est</strong></span> <span class='ocrx_word' id='word_1_270' title='bbox 1833 2383 1992 2462; x_wconf 76' lang='lat' dir='ltr'><strong>nostrae,</strong></span> <span class='ocrx_word' id='word_1_271' title='bbox 2023 2390 2157 2451; x_wconf 89' lang='lat' dir='ltr'><strong>omnes&#39;</strong></span> 
     </span>
     <span class='ocr_line' id='line_1_21' title="bbox 107 2440 2146 2569; baseline 0.016 -47"><span class='ocrx_word' id='word_1_272' title='bbox 107 2477 199 2524; x_wconf 89' lang='lat' dir='ltr'><strong>num</strong></span> <span class='ocrx_word' id='word_1_273' title='bbox 216 2440 393 2522; x_wconf 79' lang='lat' dir='ltr'><strong>Celerum</strong></span> <span class='ocrx_word' id='word_1_274' title='bbox 414 2468 449 2527; x_wconf 92' lang='lat' dir='ltr'><strong>et</strong></span> <span class='ocrx_word' id='word_1_275' title='bbox 462 2449 671 2528; x_wconf 81' lang='lat' dir='ltr'><strong>Gdbelium.</strong></span> <span class='ocrx_word' id='word_1_276' title='bbox 721 2451 758 2524; x_wconf 79' lang='lat'><strong>5.</strong></span> <span class='ocrx_word' id='word_1_277' title='bbox 773 2454 877 2526; x_wconf 87' lang='lat' dir='ltr'><strong>Febr.</strong></span> <span class='ocrx_word' id='word_1_278' title='bbox 1154 2456 1231 2547; x_wconf 86' lang='lat' dir='ltr'><strong>pias</strong></span> <span class='ocrx_word' id='word_1_279' title='bbox 1254 2451 1390 2528; x_wconf 87' lang='lat' dir='ltr'><strong>scholas</strong></span> <span class='ocrx_word' id='word_1_280' title='bbox 1415 2483 1523 2529; x_wconf 89' lang='lat' dir='ltr'><strong>unam</strong></span> <span class='ocrx_word' id='word_1_281' title='bbox 1558 2458 1715 2535; x_wconf 84' lang='lat' dir='ltr'><strong>scholam</strong></span> <span class='ocrx_word' id='word_1_282' title='bbox 1747 2493 1857 2540; x_wconf 91' lang='lat' dir='ltr'><strong>unam</strong></span> <span class='ocrx_word' id='word_1_283' title='bbox 1888 2478 2146 2569; x_wconf 89' lang='lat' dir='ltr'><strong>rempublicam</strong></span> 
     </span>
     <span class='ocr_line' id='line_1_22' title="bbox 627 2555 2143 2679; baseline 0.03 -71"><span class='ocrx_word' id='word_1_284' title='bbox 627 2581 815 2679; x_wconf 58' lang='lat' dir='ltr'><strong>Philippus</strong></span> <span class='ocrx_word' id='word_1_285' title='bbox 831 2583 1055 2661; x_wconf 48' lang='lat' dir='ltr'>Melanthon·</span> <span class='ocrx_word' id='word_1_286' title='bbox 1156 2555 1317 2652; x_wconf 89' lang='lat' dir='ltr'><strong>ducere);</strong></span> <span class='ocrx_word' id='word_1_287' title='bbox 1344 2562 1404 2628; x_wconf 90' lang='lat' dir='ltr'><strong>sed</strong></span> <span class='ocrx_word' id='word_1_288' title='bbox 1421 2573 1537 2630; x_wconf 85' lang='lat' dir='ltr'><strong>tamen</strong></span> <span class='ocrx_word' id='word_1_289' title='bbox 1552 2566 1691 2635; x_wconf 90' lang='lat' dir='ltr'><strong>veniam</strong></span> <span class='ocrx_word' id='word_1_290' title='bbox 1706 2563 1796 2639; x_wconf 91' lang='lat' dir='ltr'><strong>mihi</strong></span> <span class='ocrx_word' id='word_1_291' title='bbox 1818 2573 1918 2644; x_wconf 90' lang='lat' dir='ltr'><strong>dabis</strong></span> <span class='ocrx_word' id='word_1_292' title='bbox 1939 2601 2005 2670; x_wconf 88' lang='lat' dir='ltr'><strong>pro</strong></span> <span class='ocrx_word' id='word_1_293' title='bbox 2029 2582 2143 2654; x_wconf 88' lang='lat' dir='ltr'><strong>amico</strong></span> 
     </span>
    </p>

    <p class='ocr_par' dir='ltr' id='par_1_3' title="bbox 1156 2657 2146 2766">
     <span class='ocr_line' id='line_1_23' title="bbox 1156 2657 2146 2766; baseline 0.028 -40"><span class='ocrx_word' id='word_1_294' title='bbox 1156 2658 1344 2732; x_wconf 86' lang='lat' dir='ltr'><strong>laboranti.</strong></span> <span class='ocrx_word' id='word_1_295' title='bbox 1395 2657 1485 2730; x_wconf 91' lang='lat' dir='ltr'><strong>Cum</strong></span> <span class='ocrx_word' id='word_1_296' title='bbox 1493 2657 1691 2734; x_wconf 79' lang='lat' dir='ltr'><strong>Matthias</strong></span> <span class='ocrx_word' id='word_1_297' title='bbox 1708 2670 1763 2739; x_wconf 90' lang='lat' dir='ltr'><strong>vir</strong></span> <span class='ocrx_word' id='word_1_298' title='bbox 1777 2672 1823 2743; x_wconf 89' lang='lat' dir='ltr'><strong>sit</strong></span> <span class='ocrx_word' id='word_1_299' title='bbox 1839 2676 1995 2766; x_wconf 88' lang='lat' dir='ltr'><strong>optimus</strong></span> <span class='ocrx_word' id='word_1_300' title='bbox 2011 2694 2046 2750; x_wconf 90' lang='lat' dir='ltr'><strong>et</strong></span> <span class='ocrx_word' id='word_1_301' title='bbox 2062 2705 2146 2754; x_wconf 87' lang='lat' dir='ltr'><strong>eru-</strong></span> 
     </span>
    </p>

    <p class='ocr_par' dir='ltr' id='par_1_4' title="bbox 1157 2759 2145 2865">
     <span class='ocr_line' id='line_1_24' title="bbox 1157 2759 2145 2865; baseline 0.027 -35"><span class='ocrx_word' id='word_1_302' title='bbox 1157 2759 1292 2830; x_wconf 89' lang='lat' dir='ltr'><strong>ditione</strong></span> <span class='ocrx_word' id='word_1_303' title='bbox 1308 2773 1403 2830; x_wconf 88' lang='lat' dir='ltr'><strong>tanta</strong></span> <span class='ocrx_word' id='word_1_304' title='bbox 1420 2762 1611 2836; x_wconf 86' lang='lat' dir='ltr'><strong>instructus</strong></span> <span class='ocrx_word' id='word_1_305' title='bbox 1627 2791 1838 2864; x_wconf 89' lang='lat' dir='ltr'><strong>magnopere</strong></span> <span class='ocrx_word' id='word_1_306' title='bbox 1852 2788 1886 2845; x_wconf 92' lang='lat' dir='ltr'><strong>te</strong></span> <span class='ocrx_word' id='word_1_307' title='bbox 1902 2802 1984 2865; x_wconf 87' lang='lat' dir='ltr'><strong>oro,</strong></span> <span class='ocrx_word' id='word_1_308' title='bbox 2007 2795 2047 2854; x_wconf 87' lang='lat' dir='ltr'><strong>ut</strong></span> <span class='ocrx_word' id='word_1_309' title='bbox 2069 2783 2145 2858; x_wconf 90' lang='lat' dir='ltr'><strong>eius</strong></span> 
     </span>
    </p>

    <p class='ocr_par' dir='ltr' id='par_1_5' title="bbox 1157 2862 2147 2976">
     <span class='ocr_line' id='line_1_25' title="bbox 1157 2862 2147 2976; baseline 0.029 -47"><span class='ocrx_word' id='word_1_310' title='bbox 1157 2884 1296 2930; x_wconf 85' lang='lat' dir='ltr'><strong>causam</strong></span> <span class='ocrx_word' id='word_1_311' title='bbox 1317 2865 1412 2954; x_wconf 90' lang='lat' dir='ltr'><strong>apud</strong></span> <span class='ocrx_word' id='word_1_312' title='bbox 1433 2862 1605 2937; x_wconf 87' lang='lat' dir='ltr'><strong>Senatum</strong></span> <span class='ocrx_word' id='word_1_313' title='bbox 1620 2863 1830 2945; x_wconf 83' lang='lat' dir='ltr'><strong>Academiae</strong></span> <span class='ocrx_word' id='word_1_314' title='bbox 1847 2881 1944 2968; x_wconf 84' lang='lat' dir='ltr'><strong>agas,</strong></span> <span class='ocrx_word' id='word_1_315' title='bbox 1975 2905 2017 2953; x_wconf 90' lang='lat' dir='ltr'><strong>ac</strong></span> <span class='ocrx_word' id='word_1_316' title='bbox 2038 2887 2147 2976; x_wconf 84' lang='lat' dir='ltr'><strong>perfi-</strong></span> 
     </span>
    </p>

    <p class='ocr_par' dir='ltr' id='par_1_6' title="bbox 977 2941 2146 3068">
     <span class='ocr_line' id='line_1_26' title="bbox 977 2941 2146 3068; baseline 0.031 -44"><span class='ocrx_word' id='word_1_317' title='bbox 977 2941 1107 3060; x_wconf 58' lang='lat' dir='ltr'><strong>Q?</strong></span> <span class='ocrx_word' id='word_1_318' title='bbox 1129 2980 1132 2994; x_wconf 92' lang='lat'><em>·</em></span> <span class='ocrx_word' id='word_1_319' title='bbox 1158 2961 1246 3044; x_wconf 89' lang='lat' dir='ltr'><strong>cias,</strong></span> <span class='ocrx_word' id='word_1_320' title='bbox 1269 2974 1309 3031; x_wconf 92' lang='lat' dir='ltr'><strong>ut</strong></span> <span class='ocrx_word' id='word_1_321' title='bbox 1322 2986 1444 3033; x_wconf 90' lang='lat' dir='ltr'><strong>rursus</strong></span> <span class='ocrx_word' id='word_1_322' title='bbox 1456 2967 1490 3035; x_wconf 90' lang='lat' dir='ltr'><strong>ei</strong></span> <span class='ocrx_word' id='word_1_323' title='bbox 1505 2967 1602 3039; x_wconf 89' lang='lat' dir='ltr'><strong>aurei</strong></span> <span class='ocrx_word' id='word_1_324' title='bbox 1617 2970 1671 3040; x_wconf 91' lang='lat' dir='ltr'><strong>illi</strong></span> <span class='ocrx_word' id='word_1_325' title='bbox 1687 2972 1813 3064; x_wconf 90' lang='lat' dir='ltr'><strong>viginti</strong></span> <span class='ocrx_word' id='word_1_326' title='bbox 1827 2981 2039 3068; x_wconf 89' lang='lat' dir='ltr'><strong>pendantur.</strong></span> <span class='ocrx_word' id='word_1_327' title='bbox 2072 2979 2146 3059; x_wconf 90' lang='lat' dir='ltr'><strong>Ar-</strong></span> 
     </span>
    </p>
   </div>
   <div class='ocr_carea' id='block_1_3' title="bbox 114 3029 2146 3273">
    <p class='ocr_par' dir='ltr' id='par_1_7' title="bbox 114 3029 2146 3273">
     <span class='ocr_line' id='line_1_27' title="bbox 114 3029 2144 3163; baseline 0.033 -67"><span class='ocrx_word' id='word_1_328' title='bbox 114 3029 294 3064; x_wconf 59' lang='lat' dir='ltr'><strong>w·-</strong></span> <span class='ocrx_word' id='word_1_329' title='bbox 355 3131 361 3144; x_wconf 36' lang='grc' dir='ltr'>Ι</span> <span class='ocrx_word' id='word_1_330' title='bbox 781 3123 789 3139; x_wconf 64' lang='grc'><em>,</em></span> <span class='ocrx_word' id='word_1_331' title='bbox 1157 3064 1283 3144; x_wconf 89' lang='lat' dir='ltr'><strong>bitror,</strong></span> <span class='ocrx_word' id='word_1_332' title='bbox 1309 3059 1467 3134; x_wconf 87' lang='lat' dir='ltr'><strong>hominis</strong></span> <span class='ocrx_word' id='word_1_333' title='bbox 1483 3069 1579 3139; x_wconf 91' lang='lat' dir='ltr'><strong>docti</strong></span> <span class='ocrx_word' id='word_1_334' title='bbox 1593 3095 1732 3145; x_wconf 86' lang='lat' dir='ltr'><strong>causam</strong></span> <span class='ocrx_word' id='word_1_335' title='bbox 1746 3075 1785 3146; x_wconf 93' lang='lat' dir='ltr'><strong>in</strong></span> <span class='ocrx_word' id='word_1_336' title='bbox 1795 3076 1930 3154; x_wconf 87' lang='lat' dir='ltr'><strong>Senatu</strong></span> <span class='ocrx_word' id='word_1_337' title='bbox 1943 3084 2144 3163; x_wconf 88' lang='lat' dir='ltr'><strong>doctissimo</strong></span> 
     </span>
     <span class='ocr_line' id='line_1_28' title="bbox 410 3111 2146 3273; baseline 0.036 -73"><span class='ocrx_word' id='word_1_338' title='bbox 410 3115 561 3209; x_wconf 75' lang='lat' dir='ltr'><strong>Balih.</strong></span> <span class='ocrx_word' id='word_1_339' title='bbox 591 3111 827 3226; x_wconf 76' lang='lat' dir='ltr'><strong>Kattsflm·</strong></span> <span class='ocrx_word' id='word_1_340' title='bbox 1158 3164 1378 3258; x_wconf 86' lang='lat' dir='ltr'><strong>aequissimis</strong></span> <span class='ocrx_word' id='word_1_341' title='bbox 1394 3168 1521 3238; x_wconf 89' lang='lat' dir='ltr'><strong>animis</strong></span> <span class='ocrx_word' id='word_1_342' title='bbox 1536 3173 1672 3260; x_wconf 87' lang='lat' dir='ltr'><strong>audiri,</strong></span> <span class='ocrx_word' id='word_1_343' title='bbox 1704 3177 1834 3249; x_wconf 90' lang='lat' dir='ltr'><strong>deinde</strong></span> <span class='ocrx_word' id='word_1_344' title='bbox 1853 3181 2035 3273; x_wconf 87' lang='lat' dir='ltr'><strong>existimo,</strong></span> <span class='ocrx_word' id='word_1_345' title='bbox 2066 3211 2146 3262; x_wconf 85' lang='lat' dir='ltr'><strong>eam</strong></span> 
     </span>
    </p>
   </div>
   <div class='ocr_carea' id='block_1_4' title="bbox 178 3267 2145 3384">
    <p class='ocr_par' dir='ltr' id='par_1_8' title="bbox 178 3267 2145 3384">
     <span class='ocr_line' id='line_1_29' title="bbox 178 3267 2145 3384; baseline 0.017 -56"><span class='ocrx_word' id='word_1_346' title='bbox 178 3301 201 3364; x_wconf 59' lang='lat' dir='ltr'><strong>,s</strong></span> <span class='ocrx_word' id='word_1_347' title='bbox 222 3297 259 3350; x_wconf 65' lang='grc' dir='ltr'><strong>Ε,</strong></span> <span class='ocrx_word' id='word_1_348' title='bbox 279 3295 446 3368; x_wconf 71' lang='lat' dir='ltr'><strong>autographo</strong></span> <span class='ocrx_word' id='word_1_349' title='bbox 468 3296 689 3368; x_wconf 46' lang='lat' dir='ltr'><strong>M,1„„g·q„g</strong></span> <span class='ocrx_word' id='word_1_350' title='bbox 711 3297 825 3352; x_wconf 49' lang='lat' dir='ltr'><strong>pugg„</strong></span> <span class='ocrx_word' id='word_1_351' title='bbox 843 3297 872 3350; x_wconf 65' lang='lat' dir='ltr'><strong>g,</strong></span> <span class='ocrx_word' id='word_1_352' title='bbox 893 3297 956 3353; x_wconf 62' lang='lat' dir='ltr'><strong>„g</strong></span> <span class='ocrx_word' id='word_1_353' title='bbox 977 3295 1059 3358; x_wconf 47' lang='lat' dir='ltr'><strong>Gom,</strong></span> <span class='ocrx_word' id='word_1_354' title='bbox 1079 3298 1107 3352; x_wconf 60' lang='lat' dir='ltr'><strong>p„</strong></span> <span class='ocrx_word' id='word_1_355' title='bbox 1158 3288 1231 3334; x_wconf 89' lang='lat' dir='ltr'><strong>esse</strong></span> <span class='ocrx_word' id='word_1_356' title='bbox 1260 3267 1543 3340; x_wconf 88' lang='lat' dir='ltr'><strong>benevolentiam</strong></span> <span class='ocrx_word' id='word_1_357' title='bbox 1574 3275 1731 3346; x_wconf 87' lang='lat' dir='ltr'><strong>universi</strong></span> <span class='ocrx_word' id='word_1_358' title='bbox 1753 3277 1904 3354; x_wconf 89' lang='lat' dir='ltr'><strong>Senatus</strong></span> <span class='ocrx_word' id='word_1_359' title='bbox 1932 3289 2041 3359; x_wconf 84' lang='lat' dir='ltr'><strong>vestri</strong></span> <span class='ocrx_word' id='word_1_360' title='bbox 2061 3313 2145 3384; x_wconf 81' lang='lat' dir='ltr'><strong>erga</strong></span> 
     </span>
    </p>
   </div>
   <div class='ocr_carea' id='block_1_5' title="bbox 217 3365 2147 3581">
    <p class='ocr_par' dir='ltr' id='par_1_9' title="bbox 217 3365 2147 3581">
     <span class='ocr_line' id='line_1_30' title="bbox 217 3365 2134 3464; baseline 0.025 -46"><span class='ocrx_word' id='word_1_361' title='bbox 217 3365 267 3421; x_wconf 86' lang='lat' dir='ltr'><strong>l&#39;ol.</strong></span> <span class='ocrx_word' id='word_1_362' title='bbox 280 3383 328 3418; x_wconf 88' lang='lat' dir='ltr'><strong>uo.</strong></span> <span class='ocrx_word' id='word_1_363' title='bbox 341 3366 401 3418; x_wconf 73' lang='lat' dir='ltr'><strong>tot.</strong></span> <span class='ocrx_word' id='word_1_364' title='bbox 419 3381 445 3434; x_wconf 94' lang='lat' dir='ltr'><strong>p.</strong></span> <span class='ocrx_word' id='word_1_365' title='bbox 459 3365 520 3449; x_wconf 76' lang='grc' dir='ltr'><strong>81.Ι</strong></span> <span class='ocrx_word' id='word_1_366' title='bbox 540 3365 697 3450; x_wconf 34' lang='grc' dir='ltr'><strong>ΙῇγιίιιτιιχατιΙ</strong></span> <span class='ocrx_word' id='word_1_367' title='bbox 709 3367 834 3436; x_wconf 84' lang='lat' dir='ltr'><strong>epistolae</strong></span> <span class='ocrx_word' id='word_1_368' title='bbox 848 3383 932 3438; x_wconf 81' lang='lat' dir='ltr'><strong>usqne</strong></span> <span class='ocrx_word' id='word_1_369' title='bbox 954 3367 985 3447; x_wconf 82' lang='lat' dir='ltr'><strong>ad</strong></span> <span class='ocrx_word' id='word_1_370' title='bbox 1006 3369 1106 3421; x_wconf 80' lang='lat' dir='ltr'><strong>rerba:</strong></span> <span class='ocrx_word' id='word_1_371' title='bbox 1158 3390 1235 3450; x_wconf 79' lang='lat' dir='ltr'><strong>me,</strong></span> <span class='ocrx_word' id='word_1_372' title='bbox 1261 3379 1320 3453; x_wconf 79' lang='lat' dir='ltr'><strong>ut,</strong></span> <span class='ocrx_word' id='word_1_373' title='bbox 1345 3371 1441 3462; x_wconf 84' lang='lat' dir='ltr'><strong>quod</strong></span> <span class='ocrx_word' id='word_1_374' title='bbox 1467 3369 1578 3462; x_wconf 75' lang='lat' dir='ltr'><strong>ipsius</strong></span> <span class='ocrx_word' id='word_1_375' title='bbox 1593 3372 1767 3448; x_wconf 67' lang='lat' dir='ltr'><strong>Maniliae</strong></span> <span class='ocrx_word' id='word_1_376' title='bbox 1791 3384 1915 3455; x_wconf 76' lang='lat' dir='ltr'><strong>Vlrlull</strong></span> <span class='ocrx_word' id='word_1_377' title='bbox 1938 3389 2049 3460; x_wconf 71' lang='lat' dir='ltr'><strong>tribul</strong></span> <span class='ocrx_word' id='word_1_378' title='bbox 2071 3417 2134 3464; x_wconf 75' lang='lat'>01²0</span> 
     </span>
     <span class='ocr_line' id='line_1_31' title="bbox 218 3436 2147 3581; baseline 0.038 -88"><span class='ocrx_word' id='word_1_379' title='bbox 218 3445 250 3488; x_wconf 76' lang='lat' dir='ltr'><strong>ut</strong></span> <span class='ocrx_word' id='word_1_380' title='bbox 268 3449 368 3488; x_wconf 71' lang='lat' dir='ltr'><strong>rursus</strong></span> <span class='ocrx_word' id='word_1_381' title='bbox 388 3444 414 3486; x_wconf 62' lang='grc' dir='ltr'><strong>θ’</strong></span> <span class='ocrx_word' id='word_1_382' title='bbox 436 3449 518 3486; x_wconf 62' lang='grc' dir='ltr'><strong>Μ’</strong></span> <span class='ocrx_word' id='word_1_383' title='bbox 538 3436 580 3486; x_wconf 77' lang='lat'><strong>¹1¹¹</strong></span> <span class='ocrx_word' id='word_1_384' title='bbox 598 3443 694 3499; x_wconf 61' lang='lat' dir='ltr'><strong>”W</strong></span> <span class='ocrx_word' id='word_1_385' title='bbox 710 3439 875 3500; x_wconf 59' lang='lat' dir='ltr'><strong>&#39;’‘mmu&#39;</strong></span> <span class='ocrx_word' id='word_1_386' title='bbox 892 3453 906 3486; x_wconf 77' lang='lat'>³</span> <span class='ocrx_word' id='word_1_387' title='bbox 927 3436 1013 3488; x_wconf 64' lang='lat'><strong>‘⁰⁸¹³&#39;</strong></span> <span class='ocrx_word' id='word_1_388' title='bbox 1036 3453 1107 3504; x_wconf 81' lang='lat'>‘¹⁰⁰&#39;</span> <span class='ocrx_word' id='word_1_389' title='bbox 1157 3467 1296 3537; x_wconf 82' lang='lat' dir='ltr'><strong>facilius</strong></span> <span class='ocrx_word' id='word_1_390' title='bbox 1322 3491 1362 3539; x_wconf 87' lang='lat' dir='ltr'><strong>ac</strong></span> <span class='ocrx_word' id='word_1_391' title='bbox 1387 3470 1558 3542; x_wconf 90' lang='lat' dir='ltr'><strong>libentius</strong></span> <span class='ocrx_word' id='word_1_392' title='bbox 1580 3476 1612 3544; x_wconf 89' lang='lat' dir='ltr'><strong>ei</strong></span> <span class='ocrx_word' id='word_1_393' title='bbox 1635 3493 1915 3569; x_wconf 79' lang='lat' dir='ltr'><strong>propter,meam</strong></span> <span class='ocrx_word' id='word_1_394' title='bbox 1936 3448 2147 3581; x_wconf 74' lang='lat' dir='ltr'><strong>petitioneni</strong></span> 
     </span>
    </p>
   </div>
   <div class='ocr_carea' id='block_1_6' title="bbox 216 3501 2147 3990">
    <p class='ocr_par' dir='ltr' id='par_1_10' title="bbox 221 3501 1106 3586">
     <span class='ocr_line' id='line_1_32' title="bbox 221 3501 1106 3586; baseline 0.001 -32"><span class='ocrx_word' id='word_1_395' title='bbox 221 3503 284 3554; x_wconf 89' lang='lat' dir='ltr'><strong>dam</strong></span> <span class='ocrx_word' id='word_1_396' title='bbox 303 3503 443 3570; x_wconf 82' lang='lat' dir='ltr'><strong>elegantur</strong></span> <span class='ocrx_word' id='word_1_397' title='bbox 460 3501 559 3571; x_wconf 82' lang='lat' dir='ltr'><strong>scripta</strong></span> <span class='ocrx_word' id='word_1_398' title='bbox 580 3509 640 3570; x_wconf 61' lang='lat' dir='ltr'><strong>est,</strong></span> <span class='ocrx_word' id='word_1_399' title='bbox 658 3501 780 3586; x_wconf 63' lang='lat' dir='ltr'><strong>reliqna²</strong></span> <span class='ocrx_word' id='word_1_400' title='bbox 802 3521 871 3574; x_wconf 85' lang='lat' dir='ltr'><strong>quse</strong></span> <span class='ocrx_word' id='word_1_401' title='bbox 884 3501 1033 3573; x_wconf 79' lang='lat' dir='ltr'><strong>incipiunt:</strong></span> <span class='ocrx_word' id='word_1_402' title='bbox 1058 3521 1106 3556; x_wconf 84' lang='lat' dir='ltr'><strong>ar·</strong></span> 
     </span>
    </p>

    <p class='ocr_par' dir='ltr' id='par_1_11' title="bbox 216 3569 2147 3990">
     <span class='ocr_line' id='line_1_33' title="bbox 221 3569 2090 3662; baseline 0.021 -40"><span class='ocrx_word' id='word_1_403' title='bbox 221 3573 312 3622; x_wconf 81' lang='lat' dir='ltr'><strong>bitror</strong></span> <span class='ocrx_word' id='word_1_404' title='bbox 330 3571 452 3622; x_wconf 71' lang='lat' dir='ltr'><strong>humabis</strong></span> <span class='ocrx_word' id='word_1_405' title='bbox 471 3571 549 3621; x_wconf 84' lang='lat' dir='ltr'><strong>docti</strong></span> <span class='ocrx_word' id='word_1_406' title='bbox 565 3578 617 3624; x_wconf 83' lang='lat' dir='ltr'><strong>cet.</strong></span> <span class='ocrx_word' id='word_1_407' title='bbox 661 3569 780 3642; x_wconf 78' lang='lat' dir='ltr'><strong>Philipps</strong></span> <span class='ocrx_word' id='word_1_408' title='bbox 805 3587 887 3623; x_wconf 85' lang='lat' dir='ltr'><strong>manu</strong></span> <span class='ocrx_word' id='word_1_409' title='bbox 912 3581 1107 3644; x_wconf 74' lang='lat' dir='ltr'><strong>sacratarum,</strong></span> <span class='ocrx_word' id='word_1_410' title='bbox 1157 3569 1277 3637; x_wconf 77' lang='lat' dir='ltr'><strong>daturi</strong></span> <span class='ocrx_word' id='word_1_411' title='bbox 1290 3569 1379 3644; x_wconf 76' lang='lat' dir='ltr'><strong>sitis,</strong></span> <span class='ocrx_word' id='word_1_412' title='bbox 1429 3571 1483 3642; x_wconf 84' lang='lat' dir='ltr'><strong>Te</strong></span> <span class='ocrx_word' id='word_1_413' title='bbox 1498 3597 1581 3644; x_wconf 82' lang='lat' dir='ltr'><strong>vero</strong></span> <span class='ocrx_word' id='word_1_414' title='bbox 1605 3578 1711 3647; x_wconf 70' lang='lat' dir='ltr'><strong>ellam</strong></span> <span class='ocrx_word' id='word_1_415' title='bbox 1764 3597 1903 3656; x_wconf 70' lang='lat' dir='ltr'><strong>nostrae</strong></span> <span class='ocrx_word' id='word_1_416' title='bbox 1924 3591 2036 3662; x_wconf 62' lang='grc' dir='ltr'><strong>[ΜΤ</strong></span> <span class='ocrx_word' id='word_1_417' title='bbox 2080 3595 2090 3613; x_wconf 75' lang='lat'><em>⁰</em></span> 
     </span>
     <span class='ocr_line' id='line_1_34' title="bbox 218 3610 2147 3719; baseline -0.001 -27"><span class='ocrx_word' id='word_1_418' title='bbox 218 3637 397 3719; x_wconf 72' lang='lat' dir='ltr'><strong>multaquein</strong></span> <span class='ocrx_word' id='word_1_419' title='bbox 410 3637 457 3691; x_wconf 86' lang='lat' dir='ltr'><strong>illa</strong></span> <span class='ocrx_word' id='word_1_420' title='bbox 471 3635 582 3706; x_wconf 87' lang='lat' dir='ltr'><strong>epistola</strong></span> <span class='ocrx_word' id='word_1_421' title='bbox 595 3633 713 3694; x_wconf 67' lang='lat' dir='ltr'><strong>alamus</strong></span> <span class='ocrx_word' id='word_1_422' title='bbox 726 3641 825 3692; x_wconf 86' lang='lat' dir='ltr'><strong>iterum</strong></span> <span class='ocrx_word' id='word_1_423' title='bbox 845 3640 931 3694; x_wconf 82' lang='lat' dir='ltr'><strong>deleta</strong></span> <span class='ocrx_word' id='word_1_424' title='bbox 951 3647 978 3691; x_wconf 86' lang='lat' dir='ltr'><strong>et</strong></span> <span class='ocrx_word' id='word_1_425' title='bbox 997 3648 1107 3696; x_wconf 78' lang='lat' dir='ltr'><strong>cantata.</strong></span> <span class='ocrx_word' id='word_1_426' title='bbox 1149 3635 1182 3686; x_wconf 67' lang='lat'><strong>⁸·</strong></span> <span class='ocrx_word' id='word_1_427' title='bbox 1409 3671 1418 3688; x_wconf 88' lang='lat'><strong>·</strong></span> <span class='ocrx_word' id='word_1_428' title='bbox 1443 3673 1480 3691; x_wconf 90' lang='lat'><strong>..</strong></span> <span class='ocrx_word' id='word_1_429' title='bbox 1719 3633 1730 3666; x_wconf 88' lang='lat'>’</span> <span class='ocrx_word' id='word_1_430' title='bbox 1849 3688 1858 3704; x_wconf 81' lang='grc'>,</span> <span class='ocrx_word' id='word_1_431' title='bbox 1997 3610 2147 3716; x_wconf 55' lang='lat' dir='ltr'><strong>uffnta&#39;</strong></span> 
     </span>
     <span class='ocr_line' id='line_1_35' title="bbox 217 3681 2145 3781; baseline 0.005 -21"><span class='ocrx_word' id='word_1_432' title='bbox 217 3705 339 3760; x_wconf 83' lang='lat' dir='ltr'><strong>lletrtrmt</strong></span> <span class='ocrx_word' id='word_1_433' title='bbox 361 3704 613 3776; x_wconf 74' lang='lat' dir='ltr'><strong>agitnrblelantbon</strong></span> <span class='ocrx_word' id='word_1_434' title='bbox 636 3707 811 3778; x_wconf 83' lang='lat' dir='ltr'><strong>apographon</strong></span> <span class='ocrx_word' id='word_1_435' title='bbox 834 3707 938 3760; x_wconf 85' lang='lat' dir='ltr'><strong>scribae</strong></span> <span class='ocrx_word' id='word_1_436' title='bbox 960 3725 1042 3760; x_wconf 85' lang='lat' dir='ltr'><strong>manu</strong></span> <span class='ocrx_word' id='word_1_437' title='bbox 1063 3708 1107 3761; x_wconf 80' lang='lat' dir='ltr'><strong>ia·</strong></span> <span class='ocrx_word' id='word_1_438' title='bbox 1157 3683 1202 3740; x_wconf 56' lang='grc' dir='ltr'><strong>Μ</strong></span> <span class='ocrx_word' id='word_1_439' title='bbox 1223 3681 1328 3764; x_wconf 58' lang='lat' dir='ltr'><strong>atque</strong></span> <span class='ocrx_word' id='word_1_440' title='bbox 1349 3687 1523 3744; x_wconf 58' lang='lat' dir='ltr'><strong>³m¹c¹i¹³e</strong></span> <span class='ocrx_word' id='word_1_441' title='bbox 1544 3699 1756 3767; x_wconf 61' lang='lat' dir='ltr'><strong>m‘mfflems</strong></span> <span class='ocrx_word' id='word_1_442' title='bbox 1789 3687 1896 3756; x_wconf 67' lang='lat' dir='ltr'><strong>vehffl</strong></span> <span class='ocrx_word' id='word_1_443' title='bbox 1919 3715 2073 3781; x_wconf 75' lang='lat' dir='ltr'><strong>moveri,</strong></span> <span class='ocrx_word' id='word_1_444' title='bbox 2103 3711 2145 3770; x_wconf 91' lang='lat' dir='ltr'><strong>ut</strong></span> 
     </span>
     <span class='ocr_line' id='line_1_36' title="bbox 219 3767 2146 3879; baseline 0.019 -50"><span class='ocrx_word' id='word_1_445' title='bbox 219 3773 401 3844; x_wconf 82' lang='lat' dir='ltr'><strong>elum,quod</strong></span> <span class='ocrx_word' id='word_1_446' title='bbox 417 3771 573 3826; x_wconf 86' lang='lat' dir='ltr'><strong>Baltbasaro</strong></span> <span class='ocrx_word' id='word_1_447' title='bbox 592 3774 700 3856; x_wconf 75' lang='lat' dir='ltr'><strong>mittere</strong></span> <span class='ocrx_word' id='word_1_448' title='bbox 713 3775 844 3856; x_wconf 65' lang='lat' dir='ltr'><strong>volebat,</strong></span> <span class='ocrx_word' id='word_1_449' title='bbox 869 3793 956 3844; x_wconf 81' lang='lat' dir='ltr'><strong>eoque</strong></span> <span class='ocrx_word' id='word_1_450' title='bbox 976 3793 1039 3831; x_wconf 87' lang='lat' dir='ltr'><strong>usus</strong></span> <span class='ocrx_word' id='word_1_451' title='bbox 1059 3791 1107 3840; x_wconf 84' lang='lat' dir='ltr'><strong>est.</strong></span> <span class='ocrx_word' id='word_1_452' title='bbox 1157 3770 1207 3842; x_wconf 71' lang='lat' dir='ltr'><strong>sic</strong></span> <span class='ocrx_word' id='word_1_453' title='bbox 1220 3794 1301 3861; x_wconf 77' lang='lat' dir='ltr'><strong>agas</strong></span> <span class='ocrx_word' id='word_1_454' title='bbox 1320 3767 1412 3842; x_wconf 79' lang='lat' dir='ltr'><strong>haste</strong></span> <span class='ocrx_word' id='word_1_455' title='bbox 1430 3799 1581 3858; x_wconf 78' lang='lat' dir='ltr'><strong>causam,</strong></span> <span class='ocrx_word' id='word_1_456' title='bbox 1597 3802 1637 3849; x_wconf 79' lang='lat' dir='ltr'><strong>ac</strong></span> <span class='ocrx_word' id='word_1_457' title='bbox 1652 3783 1681 3849; x_wconf 77' lang='lat' dir='ltr'><strong>Sl</strong></span> <span class='ocrx_word' id='word_1_458' title='bbox 1696 3807 1774 3854; x_wconf 74' lang='lat' dir='ltr'><strong>mea</strong></span> <span class='ocrx_word' id='word_1_459' title='bbox 1788 3810 1843 3856; x_wconf 76' lang='lat' dir='ltr'><strong>res</strong></span> <span class='ocrx_word' id='word_1_460' title='bbox 1859 3808 2028 3879; x_wconf 73' lang='lat' dir='ltr'><strong>ageretur.</strong></span> <span class='ocrx_word' id='word_1_461' title='bbox 2063 3795 2146 3868; x_wconf 82' lang='lat' dir='ltr'><strong>Me-</strong></span> 
     </span>
     <span class='ocr_line' id='line_1_37' title="bbox 216 3841 2145 3990; baseline 0.001 -93"><span class='ocrx_word' id='word_1_462' title='bbox 216 3843 251 3897; x_wconf 88' lang='lat' dir='ltr'><strong>ad</strong></span> <span class='ocrx_word' id='word_1_463' title='bbox 263 3841 334 3896; x_wconf 82' lang='lat' dir='ltr'><strong>banc</strong></span> <span class='ocrx_word' id='word_1_464' title='bbox 346 3842 488 3914; x_wconf 74' lang='lat' dir='ltr'><strong>asbestam</strong></span> <span class='ocrx_word' id='word_1_465' title='bbox 500 3853 652 3897; x_wconf 74' lang='lat' dir='ltr'><strong>arruntius</strong></span> <span class='ocrx_word' id='word_1_466' title='bbox 666 3844 851 3899; x_wconf 75' lang='lat' dir='ltr'><strong>scribendam.</strong></span> <span class='ocrx_word' id='word_1_467' title='bbox 1157 3871 1310 3959; x_wconf 56' lang='lat' dir='ltr'>minisfi,</span> <span class='ocrx_word' id='word_1_468' title='bbox 1334 3895 1401 3942; x_wconf 71' lang='lat' dir='ltr'><strong>nos</strong></span> <span class='ocrx_word' id='word_1_469' title='bbox 1420 3875 1459 3945; x_wconf 62' lang='lat' dir='ltr'><strong>in</strong></span> <span class='ocrx_word' id='word_1_470' title='bbox 1481 3878 1597 3969; x_wconf 62' lang='lat' dir='ltr'><strong>primo</strong></span> <span class='ocrx_word' id='word_1_471' title='bbox 1620 3883 1796 3975; x_wconf 60' lang='lat' dir='ltr'>tyrocinio</span> <span class='ocrx_word' id='word_1_472' title='bbox 1822 3889 1860 3960; x_wconf 71' lang='lat' dir='ltr'><strong>in</strong></span> <span class='ocrx_word' id='word_1_473' title='bbox 1883 3887 2006 3964; x_wconf 63' lang='lat' dir='ltr'><strong>eadem.</strong></span> <span class='ocrx_word' id='word_1_474' title='bbox 2025 3899 2145 3990; x_wconf 54' lang='lat' dir='ltr'><strong>palae.</strong></span> 
     </span>
    </p>
   </div>
   <div class='ocr_carea' id='block_1_7' title="bbox 133 3975 2145 4201">
    <p class='ocr_par' dir='ltr' id='par_1_12' title="bbox 133 3975 2145 4201">
     <span class='ocr_line' id='line_1_38' title="bbox 133 3975 2145 4094; baseline 0.016 -54"><span class='ocrx_word' id='word_1_475' title='bbox 133 3995 191 4070; x_wconf 53' lang='lat' dir='ltr'><strong>D·</strong></span> <span class='ocrx_word' id='word_1_476' title='bbox 209 3992 449 4068; x_wconf 61' lang='lat' dir='ltr'><strong>Bapphmm</strong></span> <span class='ocrx_word' id='word_1_477' title='bbox 468 3991 595 4070; x_wconf 56' lang='lat' dir='ltr'><strong>Tum„</strong></span> <span class='ocrx_word' id='word_1_478' title='bbox 624 3997 712 4068; x_wconf 59' lang='lat' dir='ltr'><strong>,mg</strong></span> <span class='ocrx_word' id='word_1_479' title='bbox 781 3993 850 4069; x_wconf 67' lang='lat' dir='ltr'><strong>Ba</strong></span> <span class='ocrx_word' id='word_1_480' title='bbox 860 3999 894 4070; x_wconf 61' lang='grc' dir='ltr'><em>Η</em></span> <span class='ocrx_word' id='word_1_481' title='bbox 903 3995 962 4071; x_wconf 65' lang='lat' dir='ltr'><strong>pm</strong></span> <span class='ocrx_word' id='word_1_482' title='bbox 971 4025 1082 4077; x_wconf 60' lang='lat' dir='ltr'><strong>sm</strong></span> <span class='ocrx_word' id='word_1_483' title='bbox 1156 3987 1228 4091; x_wconf 71' lang='lat' dir='ltr'><strong>stra</strong></span> <span class='ocrx_word' id='word_1_484' title='bbox 1245 3975 1467 4094; x_wconf 75' lang='lat' dir='ltr'><strong>familiariter</strong></span> <span class='ocrx_word' id='word_1_485' title='bbox 1488 4003 1559 4048; x_wconf 88' lang='lat' dir='ltr'><strong>una</strong></span> <span class='ocrx_word' id='word_1_486' title='bbox 1585 3999 1739 4054; x_wconf 87' lang='lat' dir='ltr'><strong>versatos</strong></span> <span class='ocrx_word' id='word_1_487' title='bbox 1761 4013 1852 4078; x_wconf 90' lang='lat' dir='ltr'><strong>esse,</strong></span> <span class='ocrx_word' id='word_1_488' title='bbox 1884 3996 1995 4066; x_wconf 90' lang='lat' dir='ltr'><strong>multa</strong></span> <span class='ocrx_word' id='word_1_489' title='bbox 2016 4014 2145 4072; x_wconf 83' lang='lat' dir='ltr'><strong>contu-</strong></span> 
     </span>
     <span class='ocr_line' id='line_1_39' title="bbox 279 3998 2144 4201; baseline 0.016 -60"><span class='ocrx_word' id='word_1_490' title='bbox 279 4095 356 4170; x_wconf 65' lang='lat' dir='ltr'><strong>Ka</strong></span> <span class='ocrx_word' id='word_1_491' title='bbox 366 4093 529 4201; x_wconf 52' lang='lat' dir='ltr'><strong>uffppn,</strong></span> <span class='ocrx_word' id='word_1_492' title='bbox 571 4109 584 4168; x_wconf 62' lang='lat'><em>1</em></span> <span class='ocrx_word' id='word_1_493' title='bbox 615 4097 742 4194; x_wconf 61' lang='lat'><strong>,01030</strong></span> <span class='ocrx_word' id='word_1_494' title='bbox 761 3998 943 4196; x_wconf 37' lang='lat' dir='ltr'><strong>hrugga.)</strong></span> <span class='ocrx_word' id='word_1_495' title='bbox 1157 4074 1254 4160; x_wconf 88' lang='lat' dir='ltr'><strong>hsse,</strong></span> <span class='ocrx_word' id='word_1_496' title='bbox 1278 4099 1317 4144; x_wconf 89' lang='lat' dir='ltr'><strong>ac</strong></span> <span class='ocrx_word' id='word_1_497' title='bbox 1332 4091 1516 4171; x_wconf 76' lang='lat' dir='ltr'><strong>utriusque</strong></span> <span class='ocrx_word' id='word_1_498' title='bbox 1533 4081 1715 4170; x_wconf 88' lang='lat' dir='ltr'><strong>ingenium</strong></span> <span class='ocrx_word' id='word_1_499' title='bbox 1730 4089 1964 4195; x_wconf 83' lang='lat' dir='ltr'><strong>alteriustnm</strong></span> <span class='ocrx_word' id='word_1_500' title='bbox 1983 4103 2144 4195; x_wconf 85' lang='lat' dir='ltr'><strong>exemplo</strong></span> 
     </span>
    </p>
   </div>
   <div class='ocr_carea' id='block_1_8' title="bbox 115 2932 322 3011">
    <p class='ocr_par' dir='ltr' id='par_1_13' title="bbox 115 2932 322 3011">
     <span class='ocr_line' id='line_1_40' title="bbox 115 2932 322 3011; baseline 0.024 -5"><span class='ocrx_word' id='word_1_501' title='bbox 115 2936 189 3008; x_wconf 86' lang='lat' dir='ltr'><strong>No.</strong></span> <span class='ocrx_word' id='word_1_502' title='bbox 207 2932 322 3011; x_wconf 77' lang='lat'><strong>2684.</strong></span> 
     </span>
    </p>
   </div>
   <div class='ocr_carea' id='block_1_9' title="bbox 109 4215 1105 5258">
    <p class='ocr_par' dir='ltr' id='par_1_14' title="bbox 109 4215 1105 5258">
     <span class='ocr_line' id='line_1_41' title="bbox 109 4215 1105 4320; baseline -0.001 -12"><span class='ocrx_word' id='word_1_503' title='bbox 109 4217 155 4308; x_wconf 79' lang='grc'><strong>5.</strong></span> <span class='ocrx_word' id='word_1_504' title='bbox 182 4235 235 4307; x_wconf 86' lang='grc' dir='ltr'>Ι).-</span> <span class='ocrx_word' id='word_1_505' title='bbox 280 4234 391 4305; x_wconf 78' lang='lat' dir='ltr'><strong>Vides</strong></span> <span class='ocrx_word' id='word_1_506' title='bbox 412 4235 603 4305; x_wconf 85' lang='lat' dir='ltr'><strong>clarissime</strong></span> <span class='ocrx_word' id='word_1_507' title='bbox 617 4232 662 4308; x_wconf 93' lang='lat' dir='ltr'><strong>D.</strong></span> <span class='ocrx_word' id='word_1_508' title='bbox 676 4231 828 4320; x_wconf 88' lang='lat' dir='ltr'><strong>Ductor,</strong></span> <span class='ocrx_word' id='word_1_509' title='bbox 855 4215 1003 4307; x_wconf 83' lang='lat' dir='ltr'><strong>intanta</strong></span> <span class='ocrx_word' id='word_1_510' title='bbox 1019 4262 1105 4307; x_wconf 86' lang='lat' dir='ltr'><strong>con-</strong></span> 
     </span>
     <span class='ocr_line' id='line_1_42' title="bbox 110 4330 1105 4426; baseline 0.001 -19"><span class='ocrx_word' id='word_1_511' title='bbox 110 4340 254 4408; x_wconf 78' lang='lat' dir='ltr'><strong>tusione</strong></span> <span class='ocrx_word' id='word_1_512' title='bbox 268 4361 387 4406; x_wconf 90' lang='lat' dir='ltr'><strong>rerum</strong></span> <span class='ocrx_word' id='word_1_513' title='bbox 403 4330 640 4407; x_wconf 90' lang='lat' dir='ltr'><strong>humanarum</strong></span> <span class='ocrx_word' id='word_1_514' title='bbox 656 4350 690 4410; x_wconf 89' lang='lat' dir='ltr'><strong>et</strong></span> <span class='ocrx_word' id='word_1_515' title='bbox 703 4358 894 4426; x_wconf 89' lang='lat' dir='ltr'><strong>regnorum</strong></span> <span class='ocrx_word' id='word_1_516' title='bbox 909 4333 1105 4408; x_wconf 80' lang='lat' dir='ltr'><strong>mutatione</strong></span> 
     </span>
     <span class='ocr_line' id='line_1_43' title="bbox 111 4437 1103 4532; baseline 0.003 -24"><span class='ocrx_word' id='word_1_517' title='bbox 111 4437 254 4510; x_wconf 79' lang='lat' dir='ltr'><strong>duriter</strong></span> <span class='ocrx_word' id='word_1_518' title='bbox 272 4437 430 4532; x_wconf 85' lang='lat' dir='ltr'><strong>quassari</strong></span> <span class='ocrx_word' id='word_1_519' title='bbox 456 4461 530 4507; x_wconf 90' lang='lat' dir='ltr'><strong>non</strong></span> <span class='ocrx_word' id='word_1_520' title='bbox 554 4439 669 4508; x_wconf 88' lang='lat' dir='ltr'><strong>solum</strong></span> <span class='ocrx_word' id='word_1_521' title='bbox 693 4461 819 4508; x_wconf 90' lang='lat' dir='ltr'><strong>omnes</strong></span> <span class='ocrx_word' id='word_1_522' title='bbox 847 4438 1005 4530; x_wconf 87' lang='lat' dir='ltr'><strong>politias,</strong></span> <span class='ocrx_word' id='word_1_523' title='bbox 1043 4443 1103 4511; x_wconf 91' lang='lat' dir='ltr'><strong>sed</strong></span> 
     </span>
     <span class='ocr_line' id='line_1_44' title="bbox 112 4535 1102 4633; baseline 0.001 -24"><span class='ocrx_word' id='word_1_524' title='bbox 112 4541 219 4610; x_wconf 88' lang='lat' dir='ltr'><strong>etiarn</strong></span> <span class='ocrx_word' id='word_1_525' title='bbox 232 4535 440 4611; x_wconf 87' lang='lat' dir='ltr'><strong>Ecclesiam.</strong></span> <span class='ocrx_word' id='word_1_526' title='bbox 491 4537 560 4610; x_wconf 89' lang='lat' dir='ltr'><strong>Sed</strong></span> <span class='ocrx_word' id='word_1_527' title='bbox 577 4552 714 4623; x_wconf 88' lang='lat' dir='ltr'><strong>tamen,</strong></span> <span class='ocrx_word' id='word_1_528' title='bbox 739 4540 824 4632; x_wconf 85' lang='lat' dir='ltr'><strong>quia</strong></span> <span class='ocrx_word' id='word_1_529' title='bbox 837 4539 942 4610; x_wconf 88' lang='lat' dir='ltr'><strong>nobis</strong></span> <span class='ocrx_word' id='word_1_530' title='bbox 959 4539 1102 4633; x_wconf 88' lang='lat' dir='ltr'><strong>quidem</strong></span> 
     </span>
     <span class='ocr_line' id='line_1_45' title="bbox 112 4637 1104 4732; baseline 0 -20"><span class='ocrx_word' id='word_1_531' title='bbox 112 4658 208 4714; x_wconf 88' lang='lat' dir='ltr'><strong>terto</strong></span> <span class='ocrx_word' id='word_1_532' title='bbox 233 4644 460 4712; x_wconf 83' lang='lat' dir='ltr'><strong>statuendum</strong></span> <span class='ocrx_word' id='word_1_533' title='bbox 484 4654 552 4724; x_wconf 89' lang='lat' dir='ltr'><strong>est,</strong></span> <span class='ocrx_word' id='word_1_534' title='bbox 585 4637 779 4710; x_wconf 88' lang='lat' dir='ltr'><strong>Ecclesiam</strong></span> <span class='ocrx_word' id='word_1_535' title='bbox 800 4664 939 4732; x_wconf 88' lang='lat' dir='ltr'><strong>semper</strong></span> <span class='ocrx_word' id='word_1_536' title='bbox 958 4667 1104 4712; x_wconf 89' lang='lat' dir='ltr'><strong>mansu-</strong></span> 
     </span>
     <span class='ocr_line' id='line_1_46' title="bbox 112 4735 1102 4833; baseline 0.001 -21"><span class='ocrx_word' id='word_1_537' title='bbox 112 4767 186 4812; x_wconf 87' lang='lat' dir='ltr'><strong>ram</strong></span> <span class='ocrx_word' id='word_1_538' title='bbox 204 4765 300 4828; x_wconf 89' lang='lat' dir='ltr'><strong>esse,</strong></span> <span class='ocrx_word' id='word_1_539' title='bbox 325 4736 390 4812; x_wconf 91' lang='lat' dir='ltr'><strong>hac</strong></span> <span class='ocrx_word' id='word_1_540' title='bbox 415 4765 476 4833; x_wconf 87' lang='lat' dir='ltr'><strong>ape</strong></span> <span class='ocrx_word' id='word_1_541' title='bbox 498 4742 631 4810; x_wconf 89' lang='lat' dir='ltr'><strong>maiore</strong></span> <span class='ocrx_word' id='word_1_542' title='bbox 646 4743 763 4812; x_wconf 89' lang='lat' dir='ltr'><strong>studio</strong></span> <span class='ocrx_word' id='word_1_543' title='bbox 779 4735 916 4812; x_wconf 85' lang='lat' dir='ltr'><strong>scholas</strong></span> <span class='ocrx_word' id='word_1_544' title='bbox 930 4755 1102 4829; x_wconf 88' lang='lat' dir='ltr'><strong>tueamur,</strong></span> 
     </span>
     <span class='ocr_line' id='line_1_47' title="bbox 114 4839 1101 4937; baseline 0.001 -23"><span class='ocrx_word' id='word_1_545' title='bbox 114 4869 211 4937; x_wconf 61' lang='lat' dir='ltr'><strong>quae,</strong></span> <span class='ocrx_word' id='word_1_546' title='bbox 222 4843 368 4936; x_wconf 86' lang='lat' dir='ltr'><strong>proprie</strong></span> <span class='ocrx_word' id='word_1_547' title='bbox 391 4844 552 4913; x_wconf 83' lang='lat' dir='ltr'><strong>serviunt</strong></span> <span class='ocrx_word' id='word_1_548' title='bbox 568 4839 753 4914; x_wconf 89' lang='lat' dir='ltr'><strong>Ecclesiae.</strong></span> <span class='ocrx_word' id='word_1_549' title='bbox 804 4839 996 4936; x_wconf 85' lang='lat' dir='ltr'><strong>Praecipue</strong></span> <span class='ocrx_word' id='word_1_550' title='bbox 1015 4870 1101 4915; x_wconf 91' lang='lat' dir='ltr'><strong>vero</strong></span> 
     </span>
     <span class='ocr_line' id='line_1_48' title="bbox 115 4942 1101 5038; baseline 0.004 -26"><span class='ocrx_word' id='word_1_551' title='bbox 115 4945 177 5029; x_wconf 85' lang='lat' dir='ltr'><strong>iis,</strong></span> <span class='ocrx_word' id='word_1_552' title='bbox 209 4942 274 5038; x_wconf 86' lang='lat' dir='ltr'><strong>qui</strong></span> <span class='ocrx_word' id='word_1_553' title='bbox 297 4945 480 5013; x_wconf 88' lang='lat' dir='ltr'><strong>coelestem</strong></span> <span class='ocrx_word' id='word_1_554' title='bbox 503 4945 699 5014; x_wconf 87' lang='lat' dir='ltr'><strong>doctrinam</strong></span> <span class='ocrx_word' id='word_1_555' title='bbox 722 4957 905 5031; x_wconf 88' lang='lat' dir='ltr'><strong>enarrant,</strong></span> <span class='ocrx_word' id='word_1_556' title='bbox 935 4945 1101 5016; x_wconf 92' lang='lat' dir='ltr'><strong>anniten-</strong></span> 
     </span>
     <span class='ocr_line' id='line_1_49' title="bbox 113 5044 1099 5141; baseline 0.002 -27"><span class='ocrx_word' id='word_1_557' title='bbox 113 5047 199 5116; x_wconf 91' lang='lat' dir='ltr'><strong>dum</strong></span> <span class='ocrx_word' id='word_1_558' title='bbox 220 5059 293 5132; x_wconf 88' lang='lat' dir='ltr'><strong>est,</strong></span> <span class='ocrx_word' id='word_1_559' title='bbox 321 5058 362 5116; x_wconf 89' lang='lat' dir='ltr'><strong>nt</strong></span> <span class='ocrx_word' id='word_1_560' title='bbox 375 5045 651 5137; x_wconf 88' lang='lat' dir='ltr'><strong>complectantur</strong></span> <span class='ocrx_word' id='word_1_561' title='bbox 665 5057 701 5114; x_wconf 90' lang='lat' dir='ltr'><strong>et</strong></span> <span class='ocrx_word' id='word_1_562' title='bbox 715 5044 882 5141; x_wconf 86' lang='lat' dir='ltr'><strong>adiuvent</strong></span> <span class='ocrx_word' id='word_1_563' title='bbox 898 5047 1099 5137; x_wconf 89' lang='lat' dir='ltr'><strong>linguarum</strong></span> 
     </span>
     <span class='ocr_line' id='line_1_50' title="bbox 113 5140 1103 5258; baseline 0.006 -46"><span class='ocrx_word' id='word_1_564' title='bbox 113 5147 334 5242; x_wconf 87' lang='lat' dir='ltr'><strong>luterpretes.</strong></span> <span class='ocrx_word' id='word_1_565' title='bbox 385 5143 475 5258; x_wconf 78' lang='lat' dir='ltr'><strong>Nam</strong></span> <span class='ocrx_word' id='word_1_566' title='bbox 493 5147 554 5218; x_wconf 87' lang='lat' dir='ltr'><strong>lux</strong></span> <span class='ocrx_word' id='word_1_567' title='bbox 571 5140 857 5240; x_wconf 88' lang='lat' dir='ltr'><strong>propheticorum</strong></span> <span class='ocrx_word' id='word_1_568' title='bbox 881 5159 915 5217; x_wconf 90' lang='lat' dir='ltr'><strong>et</strong></span> <span class='ocrx_word' id='word_1_569' title='bbox 934 5149 1103 5240; x_wconf 91' lang='lat' dir='ltr'><strong>apostoli-</strong></span> 
     </span>
    </p>
   </div>
   <div class='ocr_carea' id='block_1_10' title="bbox 115 5326 324 5345">
    <p class='ocr_par' dir='ltr' id='par_1_15' title="bbox 115 5326 324 5345">
     <span class='ocr_line' id='line_1_51' title="bbox 115 5326 324 5345; baseline 0.038 -6"><span class='ocrx_word' id='word_1_570' title='bbox 115 5326 324 5345; x_wconf 49' lang='grc' dir='ltr'><strong><em>ψ</em></strong></span> 
     </span>
    </p>
   </div>
   <div class='ocr_carea' id='block_1_11' title="bbox 151 5404 1103 5590">
    <p class='ocr_par' dir='ltr' id='par_1_16' title="bbox 151 5404 1103 5590">
     <span class='ocr_line' id='line_1_52' title="bbox 151 5404 1103 5521; baseline -0.004 -17"><span class='ocrx_word' id='word_1_571' title='bbox 151 5449 179 5518; x_wconf 65' lang='lat'><strong>³)</strong></span> <span class='ocrx_word' id='word_1_572' title='bbox 195 5449 245 5504; x_wconf 79' lang='lat' dir='ltr'><strong>Est</strong></span> <span class='ocrx_word' id='word_1_573' title='bbox 257 5446 444 5502; x_wconf 80' lang='lat' dir='ltr'><strong>Melautbonir</strong></span> <span class='ocrx_word' id='word_1_574' title='bbox 457 5445 486 5500; x_wconf 84' lang='lat' dir='ltr'><strong>ir</strong></span> <span class='ocrx_word' id='word_1_575' title='bbox 492 5443 635 5502; x_wconf 83' lang='lat' dir='ltr'><strong>Danielem</strong></span> <span class='ocrx_word' id='word_1_576' title='bbox 649 5404 807 5520; x_wconf 78' lang='lat' dir='ltr'><strong>prophetam</strong></span> <span class='ocrx_word' id='word_1_577' title='bbox 822 5446 1043 5520; x_wconf 77' lang='lat' dir='ltr'><strong>commentarius,</strong></span> <span class='ocrx_word' id='word_1_578' title='bbox 1057 5447 1103 5521; x_wconf 86' lang='lat' dir='ltr'><strong>qni</strong></span> 
     </span>
     <span class='ocr_line' id='line_1_53' title="bbox 182 5513 510 5590; baseline -0.003 -19"><span class='ocrx_word' id='word_1_579' title='bbox 182 5517 286 5590; x_wconf 84' lang='lat' dir='ltr'><strong>prodiit</strong></span> <span class='ocrx_word' id='word_1_580' title='bbox 304 5515 420 5570; x_wconf 84' lang='lat' dir='ltr'><strong>Witeb.</strong></span> <span class='ocrx_word' id='word_1_581' title='bbox 435 5513 510 5570; x_wconf 74' lang='lat' dir='ltr'><strong>tstt.</strong></span> 
     </span>
    </p>
   </div>
   <div class='ocr_carea' id='block_1_12' title="bbox 118 5591 575 5662">
    <p class='ocr_par' dir='ltr' id='par_1_17' title="bbox 118 5591 575 5662">
     <span class='ocr_line' id='line_1_54' title="bbox 118 5591 575 5662; baseline 0.004 -4"><span class='ocrx_word' id='word_1_582' title='bbox 118 5591 292 5662; x_wconf 70' lang='lat' dir='ltr'><strong>blerana.</strong></span> <span class='ocrx_word' id='word_1_583' title='bbox 305 5595 409 5661; x_wconf 80' lang='lat' dir='ltr'><strong>Orsa.</strong></span> <span class='ocrx_word' id='word_1_584' title='bbox 435 5593 520 5661; x_wconf 82' lang='lat' dir='ltr'><strong>Vos..</strong></span> <span class='ocrx_word' id='word_1_585' title='bbox 532 5591 575 5660; x_wconf 89' lang='lat' dir='ltr'><strong>V.</strong></span> 
     </span>
    </p>
   </div>
   <div class='ocr_carea' id='block_1_13' title="bbox 1154 4179 2213 4600">
    <p class='ocr_par' dir='ltr' id='par_1_18' title="bbox 1154 4179 2213 4600">
     <span class='ocr_line' id='line_1_55' title="bbox 1157 4179 2146 4290; baseline 0.03 -46"><span class='ocrx_word' id='word_1_586' title='bbox 1157 4188 1231 4245; x_wconf 94' lang='lat' dir='ltr'><strong>tum</strong></span> <span class='ocrx_word' id='word_1_587' title='bbox 1265 4179 1602 4250; x_wconf 86' lang='lat' dir='ltr'><strong>commonefactione</strong></span> <span class='ocrx_word' id='word_1_588' title='bbox 1634 4187 1820 4260; x_wconf 85' lang='lat' dir='ltr'><strong>excitatum</strong></span> <span class='ocrx_word' id='word_1_589' title='bbox 1856 4217 1939 4274; x_wconf 87' lang='lat' dir='ltr'><strong>esse.</strong></span> <span class='ocrx_word' id='word_1_590' title='bbox 2006 4199 2146 4290; x_wconf 88' lang='lat' dir='ltr'><strong>Postea,</strong></span> 
     </span>
     <span class='ocr_line' id='line_1_56' title="bbox 1156 4275 2144 4380; baseline 0.031 -35"><span class='ocrx_word' id='word_1_591' title='bbox 1156 4277 1252 4370; x_wconf 89' lang='lat' dir='ltr'><strong>quod</strong></span> <span class='ocrx_word' id='word_1_592' title='bbox 1269 4279 1417 4347; x_wconf 88' lang='lat' dir='ltr'><strong>maxime</strong></span> <span class='ocrx_word' id='word_1_593' title='bbox 1438 4275 1529 4349; x_wconf 89' lang='lat' dir='ltr'><strong>mihi</strong></span> <span class='ocrx_word' id='word_1_594' title='bbox 1550 4282 1745 4357; x_wconf 90' lang='lat' dir='ltr'><strong>iucundum</strong></span> <span class='ocrx_word' id='word_1_595' title='bbox 1762 4307 1829 4380; x_wconf 90' lang='lat' dir='ltr'><strong>est,</strong></span> <span class='ocrx_word' id='word_1_596' title='bbox 1862 4297 1992 4368; x_wconf 86' lang='lat' dir='ltr'><strong>iterum</strong></span> <span class='ocrx_word' id='word_1_597' title='bbox 2016 4327 2081 4375; x_wconf 90' lang='lat' dir='ltr'><strong>nos</strong></span> <span class='ocrx_word' id='word_1_598' title='bbox 2106 4307 2144 4376; x_wconf 92' lang='lat' dir='ltr'><strong>in</strong></span> 
     </span>
     <span class='ocr_line' id='line_1_57' title="bbox 1155 4378 2213 4492; baseline 0.03 -44"><span class='ocrx_word' id='word_1_599' title='bbox 1155 4401 1258 4448; x_wconf 88' lang='lat' dir='ltr'><strong>causa</strong></span> <span class='ocrx_word' id='word_1_600' title='bbox 1279 4378 1420 4470; x_wconf 91' lang='lat' dir='ltr'><strong>publica</strong></span> <span class='ocrx_word' id='word_1_601' title='bbox 1443 4383 1627 4456; x_wconf 86' lang='lat' dir='ltr'><strong>coniunxit</strong></span> <span class='ocrx_word' id='word_1_602' title='bbox 1648 4385 1805 4462; x_wconf 78' lang='lat' dir='ltr'><strong>Ecclesia</strong></span> <span class='ocrx_word' id='word_1_603' title='bbox 1823 4389 1915 4492; x_wconf 63' lang='lat' dir='ltr'><strong>m).</strong></span> <span class='ocrx_word' id='word_1_604' title='bbox 1963 4397 2037 4476; x_wconf 86' lang='lat' dir='ltr'><strong>Nec</strong></span> <span class='ocrx_word' id='word_1_605' title='bbox 2059 4426 2144 4477; x_wconf 86' lang='lat' dir='ltr'><strong>vero</strong></span> <span class='ocrx_word' id='word_1_606' title='bbox 2210 4433 2213 4440; x_wconf 79' lang='grc'><strong><em>’</em></strong></span> 
     </span>
     <span class='ocr_line' id='line_1_58' title="bbox 1154 4479 2142 4600; baseline 0.027 -51"><span class='ocrx_word' id='word_1_607' title='bbox 1154 4479 1270 4550; x_wconf 93' lang='lat' dir='ltr'><strong>ullum</strong></span> <span class='ocrx_word' id='word_1_608' title='bbox 1289 4481 1444 4560; x_wconf 87' lang='lat' dir='ltr'><strong>sanctius</strong></span> <span class='ocrx_word' id='word_1_609' title='bbox 1474 4485 1598 4556; x_wconf 89' lang='lat' dir='ltr'><strong>foedus</strong></span> <span class='ocrx_word' id='word_1_610' title='bbox 1630 4490 1902 4569; x_wconf 88' lang='lat' dir='ltr'><strong>existimandum</strong></span> <span class='ocrx_word' id='word_1_611' title='bbox 1924 4517 1995 4588; x_wconf 88' lang='lat' dir='ltr'><strong>est,</strong></span> <span class='ocrx_word' id='word_1_612' title='bbox 2035 4529 2142 4600; x_wconf 91' lang='lat' dir='ltr'><strong>quam</strong></span> 
     </span>
    </p>
   </div>
   <div class='ocr_carea' id='block_1_14' title="bbox 1154 4581 2144 4790">
    <p class='ocr_par' dir='ltr' id='par_1_19' title="bbox 1154 4581 2144 4790">
     <span class='ocr_line' id='line_1_59' title="bbox 1154 4581 2144 4696; baseline 0.031 -48"><span class='ocrx_word' id='word_1_613' title='bbox 1154 4605 1224 4673; x_wconf 92' lang='lat' dir='ltr'><strong>quo</strong></span> <span class='ocrx_word' id='word_1_614' title='bbox 1240 4581 1318 4671; x_wconf 87' lang='lat' dir='ltr'><strong>pios</strong></span> <span class='ocrx_word' id='word_1_615' title='bbox 1334 4584 1477 4654; x_wconf 89' lang='lat' dir='ltr'><strong>ecclesia</strong></span> <span class='ocrx_word' id='word_1_616' title='bbox 1492 4587 1660 4676; x_wconf 84' lang='lat' dir='ltr'><strong>devinxit,</strong></span> <span class='ocrx_word' id='word_1_617' title='bbox 1674 4593 1812 4688; x_wconf 73' lang='lat' dir='ltr'><strong>luitque</strong></span> <span class='ocrx_word' id='word_1_618' title='bbox 1828 4595 1918 4670; x_wconf 92' lang='lat' dir='ltr'><strong>mihi</strong></span> <span class='ocrx_word' id='word_1_619' title='bbox 1931 4620 2144 4696; x_wconf 90' lang='lat' dir='ltr'><strong>pergratum,</strong></span> 
     </span>
     <span class='ocr_line' id='line_1_60' title="bbox 1154 4683 2142 4790; baseline 0.031 -40"><span class='ocrx_word' id='word_1_620' title='bbox 1154 4685 1249 4774; x_wconf 88' lang='lat' dir='ltr'><strong>quod</strong></span> <span class='ocrx_word' id='word_1_621' title='bbox 1265 4683 1304 4752; x_wconf 93' lang='lat' dir='ltr'><strong>in</strong></span> <span class='ocrx_word' id='word_1_622' title='bbox 1317 4687 1550 4759; x_wconf 89' lang='lat' dir='ltr'><strong>conventibus</strong></span> <span class='ocrx_word' id='word_1_623' title='bbox 1565 4691 1602 4759; x_wconf 92' lang='lat' dir='ltr'><strong>in</strong></span> <span class='ocrx_word' id='word_1_624' title='bbox 1619 4695 1770 4790; x_wconf 90' lang='lat' dir='ltr'><strong>quadam</strong></span> <span class='ocrx_word' id='word_1_625' title='bbox 1787 4699 1952 4774; x_wconf 87' lang='lat' dir='ltr'><strong>varietate</strong></span> <span class='ocrx_word' id='word_1_626' title='bbox 1975 4708 2142 4780; x_wconf 85' lang='lat' dir='ltr'><strong>consilio·</strong></span> 
     </span>
    </p>
   </div>
   <div class='ocr_carea' id='block_1_15' title="bbox 1156 4885 1366 4902">
    <p class='ocr_par' dir='ltr' id='par_1_20' title="bbox 1156 4885 1366 4902">
     <span class='ocr_line' id='line_1_61' title="bbox 1156 4885 1366 4902; baseline 0.029 -4"><span class='ocrx_word' id='word_1_627' title='bbox 1156 4885 1366 4902; x_wconf 56' lang='lat' dir='ltr'><em>m</em></span> 
     </span>
    </p>
   </div>
   <div class='ocr_carea' id='block_1_16' title="bbox 1186 4985 2142 5172">
    <p class='ocr_par' dir='ltr' id='par_1_21' title="bbox 1186 4985 2142 5172">
     <span class='ocr_line' id='line_1_62' title="bbox 1186 4985 2142 5102; baseline 0.027 -45"><span class='ocrx_word' id='word_1_628' title='bbox 1186 5007 1213 5076; x_wconf 73' lang='lat'><strong>⁵)</strong></span> <span class='ocrx_word' id='word_1_629' title='bbox 1230 5005 1358 5090; x_wconf 75' lang='lat' dir='ltr'><strong>lntelligit</strong></span> <span class='ocrx_word' id='word_1_630' title='bbox 1372 5007 1512 5065; x_wconf 86' lang='lat' dir='ltr'><strong>Matthiam</strong></span> <span class='ocrx_word' id='word_1_631' title='bbox 1531 5013 1708 5100; x_wconf 66' lang='lat' dir='ltr'><strong>liarbicium,</strong></span> <span class='ocrx_word' id='word_1_632' title='bbox 1730 4985 1887 5096; x_wconf 77' lang='lat' dir='ltr'><strong>illyricum,</strong></span> <span class='ocrx_word' id='word_1_633' title='bbox 1905 5047 1987 5102; x_wconf 85' lang='lat' dir='ltr'><strong>quem</strong></span> <span class='ocrx_word' id='word_1_634' title='bbox 1999 5053 2142 5092; x_wconf 85' lang='lat' dir='ltr'><strong>commen.</strong></span> 
     </span>
     <span class='ocr_line' id='line_1_63' title="bbox 1222 5073 2142 5172; baseline 0.035 -44"><span class='ocrx_word' id='word_1_635' title='bbox 1222 5073 1332 5131; x_wconf 72' lang='lat' dir='ltr'><strong>darent</strong></span> <span class='ocrx_word' id='word_1_636' title='bbox 1343 5095 1400 5147; x_wconf 78' lang='lat' dir='ltr'><strong>ipse</strong></span> <span class='ocrx_word' id='word_1_637' title='bbox 1414 5080 1577 5138; x_wconf 76' lang='lat' dir='ltr'><strong>Academiae</strong></span> <span class='ocrx_word' id='word_1_638' title='bbox 1590 5085 1763 5158; x_wconf 77' lang='lat' dir='ltr'><strong>Ttsbrngenai.</strong></span> <span class='ocrx_word' id='word_1_639' title='bbox 1799 5093 1842 5148; x_wconf 87' lang='lat' dir='ltr'><strong>De</strong></span> <span class='ocrx_word' id='word_1_640' title='bbox 1856 5097 1951 5152; x_wconf 84' lang='lat' dir='ltr'><strong>codem</strong></span> <span class='ocrx_word' id='word_1_641' title='bbox 1971 5099 2047 5172; x_wconf 88' lang='lat' dir='ltr'><strong>loqui</strong></span> <span class='ocrx_word' id='word_1_642' title='bbox 2065 5105 2142 5158; x_wconf 81' lang='lat' dir='ltr'><strong>side·</strong></span> 
     </span>
    </p>
   </div>
   <div class='ocr_carea' id='block_1_17' title="bbox 1220 5143 2140 5290">
    <p class='ocr_par' dir='ltr' id='par_1_22' title="bbox 1220 5143 2140 5290">
     <span class='ocr_line' id='line_1_64' title="bbox 1220 5143 2140 5290; baseline 0.039 -95"><span class='ocrx_word' id='word_1_643' title='bbox 1220 5143 1427 5286; x_wconf 49' lang='lat' dir='ltr'><strong>hraiihbeihb</strong></span> <span class='ocrx_word' id='word_1_644' title='bbox 1441 5147 1726 5290; x_wconf 30' lang='lat' dir='ltr'><strong>zavip‘i&#39;stvnagdggtpc‘n</strong></span> <span class='ocrx_word' id='word_1_645' title='bbox 1741 5156 1915 5220; x_wconf 83' lang='lat' dir='ltr'><strong>&#39;lbeodornm</strong></span> <span class='ocrx_word' id='word_1_646' title='bbox 1936 5169 1963 5223; x_wconf 88' lang='lat' dir='ltr'><strong>d.</strong></span> <span class='ocrx_word' id='word_1_647' title='bbox 1984 5172 2012 5224; x_wconf 87' lang='lat' dir='ltr'><strong>d.</strong></span> <span class='ocrx_word' id='word_1_648' title='bbox 2025 5171 2066 5226; x_wconf 79' lang='lat' dir='ltr'><strong>tt.</strong></span> <span class='ocrx_word' id='word_1_649' title='bbox 2079 5173 2140 5230; x_wconf 83' lang='lat' dir='ltr'><strong>lun.</strong></span> 
     </span>
    </p>
   </div>
   <div class='ocr_carea' id='block_1_18' title="bbox 1253 5294 2045 5392">
    <p class='ocr_par' dir='ltr' id='par_1_23' title="bbox 1253 5294 2045 5392">
     <span class='ocr_line' id='line_1_65' title="bbox 1253 5294 2045 5392; baseline 0.038 -46"><span class='ocrx_word' id='word_1_650' title='bbox 1253 5295 1321 5349; x_wconf 87' lang='lat' dir='ltr'><strong>Vide</strong></span> <span class='ocrx_word' id='word_1_651' title='bbox 1338 5294 1429 5352; x_wconf 85' lang='lat' dir='ltr'><strong>literas</strong></span> <span class='ocrx_word' id='word_1_652' title='bbox 1442 5297 1574 5354; x_wconf 88' lang='lat' dir='ltr'><strong>Melantb.</strong></span> <span class='ocrx_word' id='word_1_653' title='bbox 1583 5303 1742 5361; x_wconf 77' lang='lat' dir='ltr'><strong>Academiae</strong></span> <span class='ocrx_word' id='word_1_654' title='bbox 1754 5309 1920 5388; x_wconf 82' lang='lat' dir='ltr'><strong>&#39;l&#39;nhingensi</strong></span> <span class='ocrx_word' id='word_1_655' title='bbox 1933 5319 2045 5392; x_wconf 84' lang='lat' dir='ltr'><strong>scriptas</strong></span> 
     </span>
    </p>
   </div>
   <div class='ocr_carea' id='block_1_19' title="bbox 1243 5325 2139 5455">
    <p class='ocr_par' dir='ltr' id='par_1_24' title="bbox 1243 5325 2139 5455">
     <span class='ocr_line' id='line_1_66' title="bbox 1243 5325 2139 5455; baseline 0.036 -39"><span class='ocrx_word' id='word_1_656' title='bbox 1243 5381 1273 5416; x_wconf 87' lang='lat' dir='ltr'><strong>us</strong></span> <span class='ocrx_word' id='word_1_657' title='bbox 1284 5364 1382 5428; x_wconf 84' lang='lat' dir='ltr'><strong>suasit,</strong></span> <span class='ocrx_word' id='word_1_658' title='bbox 1399 5377 1428 5420; x_wconf 89' lang='lat' dir='ltr'><strong>nt</strong></span> <span class='ocrx_word' id='word_1_659' title='bbox 1442 5365 1584 5422; x_wconf 82' lang='lat' dir='ltr'><strong>Garbicins</strong></span> <span class='ocrx_word' id='word_1_660' title='bbox 1598 5385 1742 5444; x_wconf 66' lang='lat' dir='ltr'><strong>avocaretur</strong></span> <span class='ocrx_word' id='word_1_661' title='bbox 1752 5377 1906 5455; x_wconf 78' lang='lat' dir='ltr'><strong>&#39;lubingam</strong></span> <span class='ocrx_word' id='word_1_662' title='bbox 1925 5405 1997 5441; x_wconf 86' lang='lat' dir='ltr'><strong>anno</strong></span> <span class='ocrx_word' id='word_1_663' title='bbox 2013 5325 2139 5446; x_wconf 35' lang='lat' dir='ltr'><strong>Hbc-lut·</strong></span> 
     </span>
    </p>
   </div>
   <div class='ocr_carea' id='block_1_20' title="bbox 1189 5445 2141 5588">
    <p class='ocr_par' dir='ltr' id='par_1_25' title="bbox 1189 5445 2141 5588">
     <span class='ocr_line' id='line_1_67' title="bbox 1189 5445 2129 5533; baseline 0.038 -36"><span class='ocrx_word' id='word_1_664' title='bbox 1189 5445 1266 5528; x_wconf 39' lang='grc' dir='ltr'><strong>Μ).</strong></span> <span class='ocrx_word' id='word_1_665' title='bbox 1278 5447 1340 5502; x_wconf 80' lang='lat' dir='ltr'><strong>Fuit</strong></span> <span class='ocrx_word' id='word_1_666' title='bbox 1354 5447 1491 5504; x_wconf 80' lang='lat' dir='ltr'><strong>Baltbasar</strong></span> <span class='ocrx_word' id='word_1_667' title='bbox 1505 5452 1630 5507; x_wconf 78' lang='lat' dir='ltr'><strong>Kanlllin</strong></span> <span class='ocrx_word' id='word_1_668' title='bbox 1644 5457 1672 5511; x_wconf 87' lang='lat' dir='ltr'><strong>in</strong></span> <span class='ocrx_word' id='word_1_669' title='bbox 1687 5459 1832 5520; x_wconf 84' lang='lat' dir='ltr'><strong>Conventa</strong></span> <span class='ocrx_word' id='word_1_670' title='bbox 1847 5465 2053 5530; x_wconf 85' lang='lat' dir='ltr'><strong>Wormatiensi</strong></span> <span class='ocrx_word' id='word_1_671' title='bbox 2088 5479 2129 5533; x_wconf 84' lang='lat' dir='ltr'><strong>rid</strong></span> 
     </span>
     <span class='ocr_line' id='line_1_68' title="bbox 1224 5514 2141 5588; baseline 0.036 -21"><span class='ocrx_word' id='word_1_672' title='bbox 1224 5525 1303 5588; x_wconf 60' lang='lat' dir='ltr'><strong>epra.</strong></span> <span class='ocrx_word' id='word_1_673' title='bbox 1316 5517 1344 5570; x_wconf 84' lang='lat' dir='ltr'><strong>a.</strong></span> <span class='ocrx_word' id='word_1_674' title='bbox 1361 5517 1387 5572; x_wconf 81' lang='lat' dir='ltr'><strong>a.</strong></span> <span class='ocrx_word' id='word_1_675' title='bbox 1404 5519 1447 5574; x_wconf 81' lang='lat' dir='ltr'><strong>rs.</strong></span> <span class='ocrx_word' id='word_1_676' title='bbox 1463 5521 1548 5577; x_wconf 60' lang='lat' dir='ltr'><strong>ntes.</strong></span> <span class='ocrx_word' id='word_1_677' title='bbox 1563 5521 1638 5579; x_wconf 79' lang='lat'><strong>1540.</strong></span> <span class='ocrx_word' id='word_1_678' title='bbox 1766 5541 1770 5550; x_wconf 91' lang='lat'><strong>·</strong></span> <span class='ocrx_word' id='word_1_679' title='bbox 2059 5514 2068 5540; x_wconf 87' lang='lat'>’</span> <span class='ocrx_word' id='word_1_680' title='bbox 2132 5515 2141 5536; x_wconf 89' lang='lat'>&#39;</span> 
     </span>
    </p>
   </div>
   <div class='ocr_carea' id='block_1_21' title="bbox 1274 5591 1328 5688">
    <p class='ocr_par' dir='ltr' id='par_1_26' title="bbox 1274 5591 1328 5688">
     <span class='ocr_line' id='line_1_69' title="bbox 1274 5591 1328 5688; baseline 0.037 -2"><span class='ocrx_word' id='word_1_681' title='bbox 1274 5591 1328 5688; x_wconf 70' lang='grc'><strong>3.</strong></span> 
     </span>
    </p>
   </div>
   <div class='ocr_carea' id='block_1_22' title="bbox 0 0 2450 6245">
    <p class='ocr_par' dir='ltr' id='par_1_27' title="bbox 0 0 2450 6245">
     <span class='ocr_line' id='line_1_70' title="bbox 0 0 2450 6245; baseline 0 0"><span class='ocrx_word' id='word_1_682' title='bbox 0 0 2450 6245; x_wconf 95' lang='lat' dir='ltr'><strong> </strong></span> 
     </span>
    </p>
   </div>
  </div>
 </body>
</html>
