4796 6258
336 308 411 384 nat
521 420 526 432 Ι
904 307 1348 402 EPISTULARUM
1399 308 1609 388 mtttx.
1663 307 1796 388 1544.
1958 371 1965 378 .
2261 319 2312 398 ill

344 497 379 553 et
407 483 535 552 abduci
558 509 579 554 a
600 505 657 554 me
681 489 852 577 anquam
875 484 913 554 in
938 479 1054 580 πεῖθ’)
1077 476 1333 580 παραστάτην,
1388 495 1458 554 tate
1478 495 1513 553 et
1529 482 1717 554 tolerantia
1741 482 1872 554 utentis
1893 483 2070 574 publicam
2087 487 2312 584 conuellunt,

345 585 448 654 cuius
469 582 558 654 milri
580 587 665 654 fides
677 586 817 674 cognita
832 583 928 683 est⁷)
949 602 984 658 et
999 588 1164 680 probata,
1191 588 1335 656 moleste
1389 609 1469 656 cum
1484 581 1651 658 diciturd
1667 579 1757 665 θεὸς
1772 582 1874 678 μένει
1894 583 2066 680 ἐν·αὐτῷ.
2115 583 2199 656 llaec
2212 589 2261 658 tibi
2274 615 2312 660 no

345 685 433 759 iero.
483 686 551 758 Sed
571 683 655 757 haec
670 687 746 778 ipsa
762 691 908 780 querela
927 704 961 761 et
974 689 1258 782 impendentium
1272 712 1335 779 pe·
1389 699 1422 756 ta
1440 709 1513 754 esse
1529 687 1623 772 scio,
1649 699 1684 756 et
1707 689 1844 776 gaudeo
1866 700 1963 757 tuam
1981 686 2184 756 voluntatem
2205 692 2241 758 ad
2257 683 2313 762 huc

345 789 538 860 riculorum
560 789 726 878 cogitatio
741 784 830 859 mihi
845 792 1024 861 scribendi
1042 792 1201 862 dolorem
1222 802 1336 879 auget.
1389 787 1556 860 virtutem
1582 789 1816 858 adsuefactam
1841 811 1925 861 esse.
1984 787 2055 858 Sed
2080 799 2184 856 tamen
2207 813 2263 858 uon
2282 792 2314 860 in·

347 889 527 980 Quoniam
558 903 675 960 autem
699 913 762 960 vos
785 885 897 987 iam⁸)
923 890 1019 962 Deus
1044 893 1081 960 in
1103 887 1337 962 unius'urbis
1388 903 1487 980 grata
1513 902 1562 958 est
1582 890 1697 958 oratio
1715 891 1758 958 de
1775 890 1907 961 virtute
1929 889 2003 959 ulla
2019 887 2218 958 bouisviris.
2256 887 2313 962 lien

346 985 683 1084 gubernationem⁹)
698 991 889 1079 contraxit,
915 1007 1118 1085 Perpetuam
1133 993 1235 1062 vobis
1250 1015 1337 1062 con·
1389 1005 1425 1062 et
1447 991 1596 1062 feliciter
1609 991 1699 1064 vale.
1725 990 1783 1060 die
1807 991 1870 1062 20.
1888 988 2082 1064 Novembr.
2096 1013 2193 1064 auno.
2208 987 2288 1066 1544.

346 1093 505 1162 cordiam
526 1107 632 1185 opto,
651 1117 759 1186 quam
781 1117 861 1162 curn
881 1095 997 1165 sciatis
1022 1095 1090 1186 ipsi
1105 1094 1337 1165 necessariam

347 1217 421 1263 esse
435 1207 469 1263 et
485 1194 674 1265 salutarem
682 1191 733 1288 ¹⁰)
755 1195 854 1263 omni
868 1196 1043 1282 societati,
1069 1221 1144 1267 uon
1159 1210 1240 1267 utar
1256 1196 1338 1264 lon-

347 1287 440 1386 giori
464 1296 635 1369 oratioue.
686 1294 818 1384 Magna
835 1321 890 1366 res
908 1311 941 1366 et
956 1298 1137 1383 salutaris,
1163 1310 1196 1366 et
1211 1319 1337 1386 magna

348 1421 406 1468 ars
423 1410 475 1467 est
495 1398 533 1466 in
548 1398 821 1487 gubernatione,
843 1380 1045 1470 contractos
1065 1401 1204 1470 frenare
1219 1398 1337 1489 priva·
1388 1373 1586 1503 Q·

349 1512 406 1572 sos
433 1498 596 1583 affectus,
617 1513 653 1570 et
672 1513 819 1591 propter
838 1525 1063 1572 communem
1078 1502 1227 1572 salutem
1244 1499 1337 1570 tueri

342 1602 593 1686 concordiam3
619 1614 659 1672 nt
669 1595 819 1671 Athenis
834 1596 1009 1672 Aristides
1024 1617 1057 1672 et
1072 1597 1338 1686 Themistocles,
1768 1573 2010 1665 Studiosis.

349 1718 553 1798 quanquam
574 1703 696 1774 multis
717 1699 877 1798 rebus¹¹)
893 1703 1098 1790 dissimiles,
1124 1705 1161 1772 in
1186 1703 1338 1796 publicis
1458 1734 1566 1809 scripu
1579 1731 1655 1809 μὴ),
1670 1731 1796 1791 mu„
1813 1733 1836 1796 1·
1848 1753 1875 1808 P·
1892 1737 1951 1792 ω).
1969 1735 2081 1806 (ω’.)

349 1804 507 1874 consiliis
523 1817 641 1874 tamen
655 1806 918 1893 congruebant,
944 1819 979 1876 ct
990 1807 1079 1875 alter
1093 1806 1243 1876 alterum
1261 1829 1339 1872 mo·
1732 1868 1842 1966 (Sta
1852 1831 2051 1963 (unsis.)-

348 1907 503 1976 nitorem
521 1907 723 1998 patiebatur
738 1907 904 1997 repressis
915 1907 1060 1998 privatis
1075 1909 1248 1988 motibus,
1262 1903 1339 1976 Ro-

341 2018 427 2078 'mae
447 2005 587 2078 'Fabius
609 2020 644 2078 et
667 2005 806 2099 Scipio,
833 2001 1002 2078 Claudiu's
1025 2021 1059 2079 et
1081 2004 1270 2104 lulius²²),
1305 2019 1357 2094 et,
1391 1993 1508 2105 Saepe
1524 2009 1676 2093 auditis,
1702 2009 1880 2078 difficilem
1899 2033 1972 2081 esse
1987 2003 2316 2086 doctrinamEcclesiu,

350 2103 493 2204 alias¹⁸)
517 2109 591 2184 alii.
640 2105 690 2180 Et
710 2109 888 2200 praeclare
911 2107 1042 2180 dicitur
1062 2108 1155 2183 illud
1178 2109 1223 2180 ab
1245 2107 1340 2178 Her·
1392 2115 1475 2211 quia
1499 2115 1543 2183 de
1565 2110 1686 2180 multis
1709 2111 1816 2180 rebus
1839 2111 1878 2178 in
1895 2107 1961 2182 hac
1980 2111 2129 2200 caligine
2144 2105 2316 2180 humanm

350 2207 483 2305 cule¹⁴)
505 2211 542 2279 in
566 2207 762 2281 Philoctete
778 2204 965 2302 Sophoclis
988 2213 1031 2282 ad
1053 2213 1160 2298 duos,
1181 2209 1340 2300 Neopto·
1391 2215 1566 2288 mentium
1581 2211 1677 2282 aliud
1695 2225 1748 2283 est
1762 2212 1935 2282 iudicium
1950 2228 2093 2283 nostrae
2111 2211 2249 2291 rationis,
2259 2203 2316 2274 aliud

350 2312 484 2382 lemum
508 2325 542 2384 et
563 2307 801 2384 Philocteten:
837 2307 918 2385 ἀλλ’
941 2307 992 2394 ὥς
1017 2309 1139 2385 λέοντε
1162 2303 1340 2405 συννόμῳ
1391 2315 1479 2404 Dei3
1507 2330 1547 2385 ut
1569 2316 1613 2384 de
1637 2313 1784 2383 essentia
1801 2309 1888 2399 Dei,
1915 2317 1959 2382 de
1983 2315 2216 2406 magnitudine
2229 2303 2316 2401 pecul

351 2407 587 2510 φυλάσσπον
610 2403 718 2494 οὗτός
736 2433 778 2486 σε
792 2409 856 2485 καὶ
873 2409 920 2487 ud
936 2409 1055 2488 τόνδε.
1067 2407 1105 2508 *)
1156 2412 1231 2484 Not
1254 2435 1339 2482 vero
1393 2421 1437 2489 de
1459 2417 1629 2511 placanda
1650 2415 1700 2484 ira
1716 2411 1803 2498 Dei,
1828 2417 1872 2484 de
1896 2415 2045 2489 iustitia.
2095 2413 2245 2486 Patefecit
2256 2407 2316 2496 igilur

348 2516 391 2585 in
405 2511 564 2586 Ecclesia
576 2513 644 2586 Dei
663 2516 843 2608 graviores
865 2540 986 2586 causas
1002 2512 1173 2587 babemus
1189 2513 1340 2584 coniun-
1392 2518 1489 2591 Deus
1509 2543 1609 2589 auam
1632 2517 1861 2600 sententiam,
1883 2530 1916 2588 et
1939 2517 2018 2588 vult
2036 2518 2222 2587 doctrinam
2242 2511 2267 2578 in
2279 2503 2316 2574 Ec·

339 2619 546 2707 gendarum
578 2618 803 2688 voluntatum
834 2620 879 2689 ad
911 2641 1135 2688 communem
1164 2616 1342 2708 tranquil·
1393 2622 1515 2708 etesia,
1545 2621 1586 2689 in
1613 2619 1753 2711 templis
1783 2630 1818 2686 et
1840 2614 1970 2687 scholis
2002 2618 2188 2712 propagari
2214 2615 2317 2682 incon

348 2719 485 2790 litatem
508 2721 676 2790 tuendam
685 2716 730 2814 ¹⁸)
754 2745 860 2814 quam
883 2719 960 2804 illi,
993 2719 1109 2808 ignari
1130 2717 1209 2789 Dei.
1263 2717 1342 2788 Sci·
1394 2737 1507 2818 ptam:
1541 2735 1575 2793 et
1601 2712 1694 2789 banc
1719 2718 1830 2810 ipsam
1853 2717 1900 2788 ob
1922 2743 2065 2790 causam
2089 2731 2198 2788 servat
2217 2711 2317 2782 niniae

344 2845 431 2892 mus
451 2821 546 2890 enlm
568 2822 661 2913 ipsas
680 2817 799 2917 ἇρχᾶς
820 2812 891 2914 viv
903 2814 998 2913 1⁸¹⁶)
1021 2815 1262 2918 εὖαγγελικὴν
1278 2813 1341 2890 καὶ
1394 2825 1487 2896 rium
1508 2819 1713 2910 Evangelii,
1746 2820 1783 2889 id
1810 2833 1877 2918 est,
1903 2822 2119 2912 templorum
2135 2835 2168 2891 et
2183 2811 2316 2922 scholium

349 2918 421 3016 τὴν
436 2919 623 3016 πολιτικὴν
640 2945 713 2993 esse
722 2921 793 2993 ‘Dei
809 2943 926 3013 opera.
976 2917 1079 2992 Alter
1089 2944 1176 3011 ergo
1196 2923 1342 2993 alterius
1382 2921 1528 3009 studia,
1560 2936 1594 2994 et
1621 2921 1722 2994 addit
1740 2923 1876 2992 donum
1904 2921 2217 3013 interpretationis:
2243 2905 2313 2983 sedd

348 3047 482 3094 munus
492 3021 537 3119 ¹⁷)
563 3037 767 3110 veneretur3
807 3044 938 3094 munus
960 3035 1084 3109 ornet,
1112 3023 1248 3096 etiamsi
1273 3017 1340 3092 ho·
1394 3041 1445 3099 est
1459 3039 1597 3097 tantum
1612 3047 1721 3118 penes
1735 3047 1812 3107 eos,
1837 3023 2026 3116 quifontes
2042 3049 2147 3118 saepe
2162 3025 2274 3111 legunt,
2288 3031 2315 3078 re

346 3125 438 3196 mini
462 3149 622 3196 cessurus
643 3148 719 3196 nou
740 3136 826 3198 erat.
885 3123 1035 3214 Quoties
1057 3125 1160 3196 etiam
1176 3121 1341 3196 Christus
1393 3133 1533 3222 legunt,
1556 3125 1762 3208 conserunt,
1789 3128 2011 3216 expendunt,
2039 3127 2147 3220 etqui
2165 3115 2314 3216 pientio·

347 3229 519 3320 praecipit
534 3229 578 3296 de
594 3227 785 3298 dilectione
798 3237 941 3310 mutua,
964 3239 998 3297 et
1015 3221 1192 3298 lohannes
1206 3227 1340 3320 inquit:
1394 3232 1513 3304 ercitia
1537 3229 1686 3300 addunt.
1745 3221 1811 3298 Est
1843 3239 1959 3296 autem
1987 3227 2200 3319 perdifficilis
2217 3209 2315 3310 Epistol

350 3321 486 3409 ὅθεὸς
508 3321 634 3426 ἀγάπη
659 3325 753 3413 ἐστὶ,
778 3321 882 3398 καὶὸ
898 3323 1140 3424 permirari
1156 3322 1283 3428 ἀγάπῃ
1301 3327 1341 3400 dv
1393 3335 1438 3404 ad
1453 3331 1653 3414 Romanos,
1678 3343 1719 3400 nt
1735 3351 1872 3419 semper
1888 3327 2086 3400 iudicatum
2101 3341 2161 3403 est.
2206 3321 2315 3394 ideone

348 3435 405 3523 τῷ
427 3431 508 3524 θεῷ
530 3426 650 3524 μένει,
679 3425 746 3501 καὶ
772 3425 917 3520 θεὸς’”)
949 3429 990 3503 ἐν
1014 3427 1130 3526 αὐτῷ.
1180 3429 1342 3502 ’Excutit
1394 3432 1688 3530 pelegendaest,
1713 3429 1995 3521 acpraesertim,
2020 3413 2314 3502 sombornonis

347 3528 464 3602 Deum
489 3545 659 3602 rectorem
670 3525 717 3621 ¹⁹)
738 3531 899 3626 quisquis
919 3533 1058 3625 quaerit
1080 3531 1268 3602 dissidium
1276 3527 1305 3562 ²⁰
1313 3532 1340 3624 ),
1393 3537 1520 3608 seinati
1541 3532 1767 3626 persuasione
1791 3529 2001 3622 sapientiae,
2036 3533 2141 3604 valde
2161 3529 2314 3600 exsecrentur

338 3647 412 3703 aut
425 3635 485 3726 qui
504 3633 616 3703 victus
631 3633 778 3724 privatis
792 3632 975 3704 flectibus
990 3630 1201 3706 distrahitur
1222 3659 1242 3703 a
1264 3633 1340 3703 col·
1394 3639 1527 3710 dictum
1554 3633 1674 3704 Pauli:
1707 3629 1796 3701 Fide
1818 3631 2060 3709 iustificamur,
2120 3613 2314 3731 Adversaris!

347 3735 435 3824 legis
453 3735 676 3805 mediocriter
691 3735 902 3804 iacientibus
920 3735 1089 3805 officium.
1123 3731 1340 3824 Omagnam
1394 3735 1628 3812 confirmandi
1642 3747 1728 3805 sunt
1741 3732 1862 3803 animi.
1915 3731 2049 3804 lterum
2076 3735 2199 3826 igitur,
2219 3725 2273 3798 Deo
2288 3737 2315 3782 tt

346 3837 509 3924 laudem,
535 3859 703 3928 magnum
726 3839 833 3908 decus
848 3836 935 3926 viri,
961 3838 1140 3908 moderari
1162 3859 1225 3909 sua
1245 3837 1342 3907 leni·
1393 3855 1516 3925 vante,
1540 3836 1714 3908 enarrabo
1736 3829 1953 3932 Epistulam
1975 3827 2098 3905 Paula·
2113 3825 2314 3904 ,altomuro

1393 3941 1462 4014 Die
1477 3944 1538 4017 22,
1552 3937 1776 4014 Novembris.
1815 3935 1936 4033 ,Anno
1954 3933 2067 4013 1544.

348 4045 536 4080 ὑ...-
545 4068 547 4076 .

379 4207 408 4272 s)
427 4209 456 4260 a
470 4207 531 4260 aaa
544 4206 641 4264 ,roan
655 4226 669 4262 e
683 4208 747 4266 aaa.
762 4205 847 4263 cort.
1397 4147 2303 4234 *-⁶···-·····-·‘“·‘·-.··-···“‘

379 4289 406 4358 7)
427 4289 495 4346 Cod.
511 4293 612 4347 llrerd.
626 4302 652 4346 et
666 4293 777 4350 Monac.
790 4301 833 4347 est
843 4300 909 4360 port
921 4293 1058 4360 prolata.
2284 4329 2289 4343 ,
2340 4301 2341 4320 t

378 4374 406 4442 8)
424 4377 484 4427 lom
497 4377 572 4432 abest
585 4396 600 4431 a
613 4377 676 4434 cod.
691 4377 791 4434 Dresd.
1393 4345 1590 4472 QQ.
2224 4331 2313 4458 iffi

378 4457 406 4522 9)
430 4461 500 4514 Cod.
512 4459 612 4516 Dresd.
629 4471 655 4516 et
670 4461 734 4518 eod.
748 4462 862 4516 Monac.
878 4459 1090 4527 redemtione.

381 4547 426 4613 to)
446 4547 517 4602 cod.
531 4548 633 4604 Dresd.
649 4547 810 4610 bunum
820 4561 924 4602 neceas.
939 4545 1065 4596 etratus.
1081 4557 1149 4596 esse.
1179 4625 1185 4639 ι
1213 4627 1220 4641 .
1391 4551 1539 4636 laam
1566 4543 1817 4630 Fln'den'cug
1843 4541 2013 4626 Elector
2051 4539 2117 4628 ad
2149 4529 2317 4632 Theolpgll

380 4634 423 4698 tt)
444 4629 514 4686 Cod.
523 4630 620 4686 Dresd.
629 4633 659 4685 in
672 4633 771 4686 mulus
783 4633 886 4695 rebar,
902 4625 967 4683 eod.
976 4627 1088 4680 Monac.
1100 4628 1198 4678 nrultu
1206 4643 1236 4678 sn
1247 4627 1340 4681 relus.

380 4714 424 4780 rs)
443 4713 743 4772 caramerum
1765 4657 1830 4746 W
1831 4661 2011 4770 itaberg.

380 4799 423 4862 η)
442 4801 517 4853 dm
529 4801 603 4854 'hm
616 4817 631 4853 ⁸
644 4798 707 4853 ουδ’
721 4795 804 4850 Goffi'
1497 4831 1535 4886 Er
1554 4851 1569 4886 a
1588 4830 1621 4885 tis
1639 4827 1668 4882 in
1681 4827 1798 4884 tabular.
1812 4827 1908 4884 Vinar·
1922 4827 1962 4884 lle
1980 4828 2101 4886 .lt.'tot.
2113 4829 2172 4886 6⁰³.
2191 4851 2219 4866 -
2246 4799 2318 4878 &ilfi

378 4883 426 4950 u)
445 4885 481 4936 σὺ
494 4881 616 4936 Hmuh
627 4897 685 4935 Μ
699 4879 797 4934 hbent
813 4875 878 4934 ουδ’
892 4873 991 4932 Dffld‘
1009 4885 1037 4930 ‘i
1051 4873 1165 4931 mom·
1459 4834 1480 4900 †
1494 4918 1537 4956 m
1553 4849 1699 4954 litinensis
1712 4895 1842 4967 epistolae
1851 4847 2065 4952 statuminetur
2081 4901 2186 4966 scripta,
2201 4893 2225 4946 in
2239 4885 2318 4950 lfflss‘

376 4963 406 5026 *l
426 4965 470 5020 Β*
484 4963 743 5036 ¹⁰0⁰⁸3¹¹⁸⁰t²¹¹⁰0l
757 4949 928 5018 plum-v·
942 4959 1010 5016 ¹⁴3⁶
1023 4979 1066 5031 ⁸‘l·
1325 5005 1328 5013 ι
1491 4967 1636 5038 inscriptas
1652 4967 1723 5036 „aa
1741 4969 1790 5022 tte
1804 4965 2002 5036 ssbsotspsr
2021 4983 2061 5036 aa
2074 4935 2317 5026 attrectandi

379 5052 422 5120 ts)
440 5051 576 5103 tnendmn
590 5045 781 5106 sanescat.
797 5043 882 5101 Goth.
1493 5039 1537 5108 lte
1556 5041 1648 5096 stass
1666 5035 1867 5104 btctbltbtog
1893 5043 1957 5092 unt
1981 5037 2155 5096 Betrntsa
2179 5009 2319 5128 sumiti

377 5135 423 5203 ts)
442 5121 716 5199 coatiotbnirde.
1494 5109 1547 5164 len
1569 5108 1606 5163 tn
1636 5110 1692 5163 tes
1715 5105 1885 5174 stellulae
1910 5105 2048 5174 deden.
2101 5087 2288 5161 rs.stn.1⁵

375 5222 421 5290 17)
439 5219 508 5275 cod.
520 5217 619 5273 Drssd.
632 5227 658 5272 el
672 5217 783 5272 Monac.
795 5231 914 5280 murem
931 5213 995 5269 sod.
1009 5209 1093 5266 Goth.
1106 5229 1236 5267 canneru.
1492 5177 1607 5244 ssstgc
1617 5173 1669 5232 W

374 5306 420 5375 18)
442 5301 513 5364 cod,
530 5303 643 5358 Monac·
657 5295 673 5356 ὅ
687 5297 770 5365 sete.
864 5379 867 5386 .

372 5393 418 5457 19)
438 5391 506 5448 Cod.
522 5387 660 5443 Decedet
675 5388 786 5442 Monac.
799 5388 944 5439 umorem.

369 5477 420 5544 20)
438 5469 786 5532 Cedllrerdetblonac.
801 5471 873 5522 serit
882 5466 1012 5522 dabam
1420 5465 1469 5536 st>
1489 5463 1559 5520 eoa.
1572 5461 1780 5521 Goth-mentes
1791 5463 1924 5530 mactae
1934 5465 2201 5520 numbram
