4890 6250
109 317 160 394 aa
697 285 1138 392 uuxsroaaauu
1186 305 1389 409 maxx.
1439 301 1575 382 1acs.
2111 305 2160 378 ss

110 481 289 586 ingeniosi
312 487 506 562 versiculos
526 503 670 583 propter
695 509 927 576 numerorum
949 481 1110 556 cocinni·
1161 475 1229 556 No.
1245 476 1361 553 2670.
2030 485 2064 553 6.
2080 481 2159 568 Ape.

110 613 218 672 tatem
237 593 431 683 accipiunt.
481 588 583 662 Olim
605 587 690 662 haec
710 591 827 662 studia
848 612 957 682 purae
975 584 1111 672 doctri·
2031 577 2155 603 Μ

112 723 179 772 nae
194 694 385 786 Evangelii
408 718 575 784 magnum
597 709 631 766 et
653 717 777 765 verum
800 694 907 798 decus
924 689 1020 781 genti
1038 685 1111 758 Bo·
1553 658 1603 751 G.
1629 661 1771 751 Hello-

113 799 271 873 hemicae
288 796 538 869 conciliarunt.
588 793 669 866 Non
692 807 743 866 est
765 794 859 864 enim
881 815 1017 909 sumina
1033 789 1112 880 glo-
1230 845 1251 909 ᾗ
1269 841 1304 894 ΕΙ
1318 837 1482 898 comm
1495 837 1686 898 mmmm·
1702 841 1763 897 vot.
1781 841 1803 896 ¹·
1821 860 1847 914 p.
1859 841 1920 908 ⁴2,
1945 841 1991 911 qui
2010 839 2079 898 hm
2097 842 2157 914 ept-

114 905 167 976 ria
191 899 428 992 lmperiorum
454 896 661 968 antecellere
689 895 846 980 viribus,
885 917 1014 972 armis,
1050 891 1109 958 sed
1263 911 1361 966 notam
1375 908 1561 982 (100οῑ00000
1576 921 1647 964 ,0000
1659 911 1702 968 20,
1715 917 1734 966 s,
1748 909 1871 980 (tortam
1884 908 2064 982 6001000000)

118 1005 222 1076 etiam
243 1000 406 1072 doctrina
428 1013 464 1070 et
488 998 601 1069 literis
621 1021 711 1090 opus
734 1009 802 1082 est,
825 1019 976 1090 quarum
993 991 1109 1062 studia

124 1107 366 1202 quituentur,
400 1095 440 1169 hi
462 1114 497 1171 et
520 1101 564 1168 de
586 1098 700 1192 patria
725 1113 759 1170 et
780 1099 824 1168 de
842 1095 1000 1168 Ecclesia
1021 1095 1112 1164 benc
1167 1063 1208 1142 V
1206 1066 1263 1138 “V‘'
1304 1064 1440 1165 ⁰P¹lm⁰
1479 1060 1534 1136 D·
1570 1058 1771 1161 Gfflrgt'v
1809 1064 1947 1139 Helio
1985 1065 2024 1135 t’o
2064 1063 2159 1138 oola

129 1219 310 1278 merentur.
360 1199 600 1274 Bene'valete.
651 1198 687 1271 4.
703 1193 819 1292 April.
836 1193 947 1270 1543.
1371 1163 1555 1254 Ascania,
1588 1167 1709 1238 amitt)
1733 1191 1802 1240 51¹⁰
1826 1167 1956 1241 carlss·

1163 1281 1211 1374 S·
1231 1301 1277 1379 D.
1329 1297 1476 1396 Optime
1498 1303 1571 1388 vir,
1605 1299 1751 1374 etmihi
1775 1305 1964 1380 carissime.
2024 1301 2161 1376 Dolen-

131 1425 343 1440 ·-····-····
1165 1407 1251 1475 dum
1270 1420 1337 1490 est,
1362 1407 1401 1476 in
1418 1419 1514 1477 tanta
1532 1406 1674 1496 publica
1691 1406 1886 1494 moestitia,
1912 1431 1993 1478 cum
2009 1403 2162 1478 Germa-

116 1561 149 1634 Ν
197 1561 303 1634 2677
985 1563 1006 1628 4
1035 1559 1103 1622 Ar
1166 1506 1227 1576 nia
1249 1507 1413 1578 civilibus
1432 1506 1536 1576 bellis
1561 1507 1793 1602 dilaceratur,
1827 1522 1862 1580 et
1884 1503 1995 1580 hostis
2011 1503 2081 1581 Dei
2096 1511 2161 1579 ad-

125 1589 315 1690 ὲὺ·
936 1613 939 1622 ‘
972 1583 1113 1682 aaz&
1166 1608 1265 1679 ducit
1281 1609 1398 1699 copias
1416 1609 1575 1698 ingentes
1591 1608 1683 1679 sicut
1702 1610 1746 1679 de
1763 1608 1844 1700 Gog
1862 1623 1895 1680 et
1913 1609 2042 1701 Magog
2058 1635 2162 1703 prae-

452 1742 525 1833 Ch·
552 1741 777 1828 Pannonio
1167 1710 1301 1780 dictum
1319 1725 1389 1796 est,
1414 1709 1461 1780 ita
1478 1706 1595 1781 adhuc
1610 1710 1734 1782 otiosis
1751 1711 1879 1782 animis
1895 1711 2031 1806 aliquos
2052 1712 2160 1782 rixari

779 1804 789 1828 ⁸
1168 1815 1212 1880 de
1236 1811 1341 1881 rebus
1361 1836 1435 1882 non
1460 1811 1676 1885 necessariis.
1727 1811 1865 1883 Vellem
1890 1812 2005 1884 omitti
2026 1827 2162 1906 specta-

275 1923 362 1996 Epist
380 1922 427 1978 tib.
439 1919 474 1978 V.
491 1941 519 1996 p.
533 1921 639 1995 toosq.
1168 1913 1288 1983 culum
1307 1913 1420 1983 exuaris
1443 1912 1678 2004 imponendae
1700 1907 1887 2008 sepulchro
1899 1907 1947 2009 ').
1998 1913 2162 1986 Doceau-

412 2079 420 2100 ,
557 2023 592 2046 ’·
894 2071 903 2092 .
1168 2027 1228 2085 tur
1245 2009 1408 2083 homines
1426 2015 1557 2084 intueri
1572 2010 1754 2086 Christum
1778 2015 2021 2086 resuscitatum
2047 2028 2081 2086 et
2102 2040 2162 2086 cx·
2238 2011 2242 2019 “

299 2074 397 2156 Chr
404 2105 444 2153 ⁸⁸
453 2089 528 2180 ¹⁰?
535 2074 621 2152 '¹⁰'
628 2103 650 2152 ⁰
681 2071 814 2150 PW'
824 2097 941 2148 ⁰³¹⁰·
1168 2116 1371 2187 audientem
1387 2139 1425 2185 ac
1441 2116 1635 2186 salvantem
1654 2139 1730 2199 eos,
1764 2118 1827 2211 qui
1848 2117 1966 2208 ipsum
1984 2117 2162 2189 invocant.

108 2199 164 2290 ·S·
187 2215 235 2294 D.
287 2211 343 2287 El
367 2240 438 2316 quo
451 2215 546 2318 sota
570 2209 746 2297 trahunt,
776 2210 891 2282 virtus
912 2231 1040 2280 secoro
1063 2231 1119 2280 st·
1168 2213 1217 2288 Et
1245 2241 1289 2287 ne
1319 2218 1456 2286 aherret
1483 2216 1678 2300 invocatio,
1717 2213 1814 2288 hunc
1838 2214 1955 2289 Deum
1981 2233 2162 2290 aeternum

120 2329 274 2418 quatur,
305 2319 425 2414 inquit
445 2319 532 2390 Cato
556 2319 650 2410 apud
674 2315 880 2400 Lucanum,
919 2312 1120 2402 significans
1170 2331 1302 2410 patrem
1318 2315 1465 2388 Domini
1482 2318 1595 2388 nostri
1613 2317 1640 2391 l.
1656 2314 1714 2405 C.,
1743 2319 1805 2413 qui
1826 2343 1862 2390 se
1880 2321 2040 2410 patefecit
2055 2320 2162 2391 misso

121 2424 284 2494 accidere
308 2417 448 2492 homini
467 2422 596 2506 multa,
636 2439 726 2512 quae
751 2414 934 2508 diligentia
962 2408 1119 2484 humana
1170 2415 1238 2490 hoc
1262 2421 1337 2489 filio
1360 2419 1543 2504 crucifixo,
1572 2419 1797 2506 resuscitato,
1830 2421 1892 2514 qui
1918 2420 2020 2494 dixit:
2055 2415 2165 2519 qnid-

123 2523 281 2616 prospici
295 2546 370 2593 non
386 2536 547 2617 possunt.
599 2517 643 2590 In
661 2513 717 2590 his
733 2543 817 2589 vero
833 2515 921 2588 recti
936 2515 1120 2586 conscian-
1171 2515 1266 2619 quid
1281 2519 1480 2617 petiveratis
1499 2528 1662 2617 patrem,
1696 2518 1736 2589 in
1760 2520 2022 2607 nominem,
2057 2517 2163 2594 dabit

125 2627 213 2698 tiam
237 2648 405 2716 magnum
429 2624 595 2695 solatium
619 2643 710 2692 esse:
750 2619 849 2692 Solet
879 2629 994 2688 autem
1025 2611 1120 2686 hunc
1172 2619 1290 2702 voto,
1324 2621 1499 2692 invocent.
1549 2619 1603 2693 Dc
1625 2621 1830 2692 recitatione
1854 2618 2023 2694 historiae
2045 2647 2164 2694 resur-

125 2751 268 2799 versum
285 2727 431 2820 quidam
445 2747 545 2796 meus
562 2724 695 2794 amicus
716 2721 766 2792 ita
785 2734 939 2791 mutare:
973 2713 1029 2787 Et
1049 2739 1122 2816 quo
1170 2723 1338 2794 rectionis
1359 2737 1392 2793 et
1414 2723 1584 2794 similium
1605 2747 1770 2793 verarum
1794 2719 2023 2796 historiarum
2048 2727 2164 2797 sentio

119 2827 214 2930 sota
238 2821 396 2898 trahunt
414 2823 535 2925 pictas
556 2845 684 2896 secura
707 2829 885 2921 sequetur.
935 2817 1121 2892 Haecma-
1171 2825 1308 2896 utiliter
1335 2825 1487 2894 exerceri
1512 2848 1552 2895 ea
1577 2825 1784 2895 recitatione
1805 2811 2097 2910 adolescentiam,
2130 2842 2165 2898 et
2232 2871 2237 2882 ·

128 2933 182 3002 ior
204 2945 259 3002 est
283 2929 501 3015 consolatio,
538 2951 619 2998 cum
652 2925 816 2996 videlicet
847 2924 961 3016 pietas
990 2920 1123 3006 statuit,
1151 2926 1443 3018 „compescendos
1461 2949 1534 2997 esse
1558 2949 1633 3010 eos,
1667 2926 1731 3020 qui
1752 2921 1819 2997 hoc
1843 2927 2047 2998 exercitium
2069 2930 2167 3002 vitu-

128 3057 193 3104 nos
207 3043 352 3103 aeterno
365 3026 441 3101 Deo
456 3051 561 3102 curae
581 3049 672 3114 esse,
702 3049 768 3096 nec
791 3047 856 3095 nos
877 3037 1037 3109 tantum,
1062 3023 1123 3092 sed
1172 3041 1315 3122 perant,
1340 3028 1402 3120 qui
1421 3027 1550 3098 rectius
1565 3022 1740 3112 facerent,
1772 3027 1803 3098 si
1817 3021 1885 3097 hoc
1899 3029 1992 3099 tristi
2008 3043 2167 3122 tempore

129 3135 235 3206 etiam
253 3132 394 3212 navim,
417 3153 489 3226 qua
506 3125 690 3216 vehimur,
720 3129 846 3209 idest,
870 3123 1064 3198 Ecclesiam
1078 3125 1123 3194 ab
1173 3153 1235 3201 sua
1258 3129 1427 3200 modestia
1453 3143 1640 3200 tuerentur
1667 3129 1962 3221 tranquillitatem
1992 3133 2167 3206 ecclesiae.

129 3238 206 3328 ipso
227 3232 381 3306 defendi·
430 3229 509 3304 llas
528 3247 563 3304 le
586 3230 827 3302 consolatione
853 3241 1042 3311 sustentes,
1073 3225 1122 3293 mi
1174 3231 1267 3305 Satis
1291 3243 1343 3301 est
1366 3229 1461 3300 enim
1482 3231 1705 3321 publicarum
1729 3253 1997 3316 aerumnarum,
2024 3257 2113 3326 quos
2128 3248 2169 3304 ut

128 3327 408 3434 Christoplsors.
460 3329 530 3425 Ipsi
555 3353 733 3404 successus
753 3325 791 3400 T
791 3328 905 3400 urcict'
928 3329 1124 3419 significant
1172 3329 1270 3403 Deus
1284 3343 1447 3403 aeternus
1461 3345 1562 3426 pater
1576 3331 1713 3401 domini
1729 3333 1842 3402 nostri
1857 3329 1936 3404 lesu
1949 3326 2083 3404 Christi
2099 3336 2169 3403 mi-

17 3477 18 3480 *
129 3438 367 3512 brevitatum
382 3435 586 3508 mortalium
602 3435 708 3504 finem
722 3434 809 3506 lore.
860 3431 920 3516 Si,
944 3443 986 3502 ut
1007 3429 1124 3512 audio,
1173 3434 1277 3525 figet,
1307 3456 1471 3519 oremus,
1504 3433 1731 3506 nesundicus
1753 3447 1901 3525 proruat
1923 3435 2068 3507 ecclesia
2090 3433 2171 3508 Dei.

131 3541 228 3630 regia
243 3537 387 3633 tyranni
400 3537 469 3608 erit
480 3530 618 3623 Bada,
649 3555 793 3624 magnas
815 3556 934 3604 rerum
949 3527 1124 3602 humana·
1173 3533 1272 3606 Beue
1286 3535 1377 3614 vale.
1403 3537 1439 3612 d.
1455 3530 1491 3610 6.
1506 3530 1621 3628 April.
1638 3529 1750 3610 1645.

131 3667 212 3714 rum
228 3640 477 3712 conversiones
490 3639 694 3732 impendere
708 3658 848 3708 necesse
865 3647 927 3706 est·
969 3631 1018 3706 Et
1030 3657 1124 3702 nun-

131 3745 274 3816 ciantur
301 3742 462 3836 undique
489 3740 659 3834 prodigia.
718 3739 762 3810 ln
786 3732 923 3808 Sicilia
951 3735 1124 3829 quaedam

132 3845 284 3940 oppida,
313 3858 427 3918 terrae
449 3855 551 3914 motu
569 3853 750 3936 qxtassata,
785 3838 825 3910 in
846 3860 944 3909 mare
966 3838 1125 3908 demersa

133 3959 229 4022 sunt.
280 3944 330 4020 Ut
352 3944 507 4016 triennio
529 3958 611 4015 ante
623 3940 845 4014 Leuctricam
858 3961 1014 4032 pugnam
1030 3934 1126 4007 Bura

134 4063 169 4122 et
193 4045 319 4120 llclice
343 4046 382 4115 in
405 4039 552 4120 Achaia.
616 4042 694 4115 Scis
717 4057 853 4126 autem,
891 4039 1002 4111 totius
1022 4037 1127 4108 Pelo-
1532 4079 1581 4168 N
1615 4074 1808 4168 Medum

134 4148 289 4246 ponnesi
308 4150 402 4220 vires
422 4145 461 4218 in
473 4145 658 4220 Leuctrica
680 4166 798 4236 pugna
822 4142 871 4212 ita
894 4141 1023 4212 [tactas
1045 4161 1129 4222 esse,
1576 4145 1587 4172 ·
1809 4147 1820 4172 ·

134 4266 176 4324 ut
198 4263 322 4344 postea
344 4263 498 4322 veterem
521 4248 670 4338 gloriam
687 4267 878 4339 ¹nunquam
901 4241 1128 4333 recuperarit.
1248 4257 1381 4319 scotice
1393 4257 1486 4315 nsunt
1500 4257 1562 4313 vot.
1573 4257 1607 4314 tt.
1621 4257 1715 4330 nats
1727 4255 1798 4314 etio
1810 4278 1825 4315 a
1837 4257 2031 4314 Rauennatis
2046 4253 2080 4315 n.
2094 4275 2136 4382 ‘l'
2149 4258 2175 4313 a.

135 4342 945 4426 NunciautoretAustriacaacMarcomannica
958 4342 1130 4439 quaedam
1282 4325 1529 4472 ffupzffiffl‘}
1542 4323 2176 4470 ssffl„ss,¹{{⁸‘fg·¹f,’u⁶‡{,2³23,1¹‚⁷⁸,{'df'''„{{3

136 4455 316 4548 prodigia,
340 4477 431 4548 qsrae
444 4450 524 4524 istic
540 4473 615 4522 non
631 4448 789 4542 ignorari
804 4448 968 4520 arbitror.
1013 4441 1130 4516 Deum
1282 4478 1341 4524 nse
1354 4465 1494 4537 anetam..

137 4572 340 4639 aeteruum,
369 4554 510 4625 Patrem
524 4551 743 4626 Liberatoris
765 4546 972 4622 nostrilesu
986 4541 1132 4628 Christi,
1506 4623 1514 4640 ι
1625 4569 1631 4576 ·

140 4683 222 4744 oro,
246 4671 287 4731 ut
302 4655 521 4743 Ecclesiam,
546 4654 663 4726 studia
677 4654 752 4746 pia,
784 4665 875 4727 etta
897 4663 933 4720 at
957 4647 1009 4719 tui
1034 4646 1133 4718 simi·
1447 4619 1496 4697 N
1498 4617 1595 4695 ¹⁶⁰1
1600 4649 1656 4695 ⁰⁰
1681 4617 1740 4694 M
1744 4620 1797 4696 ‘d
1802 4621 1820 4694 l
1825 4647 1842 4695 θ
1850 4649 1869 4695 Γ
1877 4647 1909 4696 ⁰·

141 4762 190 4832 les
203 4771 331 4832 seriel·
376 4756 506 4828 Filiam
520 4756 588 4829 llbl
602 4769 719 4827 notam
736 4777 809 4826 esse
823 4754 981 4844 gaudeo,
1006 4763 1040 4820 el
1054 4771 1135 4839 gra-
1183 4740 1226 4834 S,
1252 4759 1298 4836 D,
1348 4758 1469 4850 Cogon
1499 4758 1642 4828 brevius
1673 4761 1886 4851 respondere
1917 4771 2062 4852 propter
2093 4759 2178 4830 alias

140 4861 226 4934 tiam
242 4855 377 4945 habeo,
409 4860 507 4953 quod
522 4858 760 4930 meamfiliam
779 4854 925 4941 voluisti
945 4874 1019 4922 <2⁸³⁸
1039 4871 1135 4944 ovpt-
1184 4862 1442 4953 occupationes.
1500 4859 1582 4932 Non
1608 4860 1757 4942 dubito,
1794 4860 1882 4954 quin
1909 4863 1980 4930 dux
2005 4859 2179 4932 Saxoniae

143 4961 293 5060 μητέρα.
346 4957 444 5033 Bene
459 4961 549 5038 vale.
598 4957 667 5032 Die
682 4954 876 5030 Ambrosii.
1185 4965 1337 5070 retinere
1355 4977 1388 5033 te
1403 4955 1621 5054 Numhurgi
1636 4964 1772 5052 cupiat,
1800 4963 1829 5030 si
1853 4975 1893 5031 tu
1914 4986 2057 5033 manere
2080 4963 2178 5037 velis.

886 5084 1085 5180 Philippus.

1174 3901 1370 4027 Q·
2042 3911 2075 3976 6.
2093 3905 2173 3990 Apu.

2042 3995 2172 4024 M

1193 5179 1422 5200 Μ

1222 5323 2183 5467 *lllll23²3{melhllli‘lllstl'lff'l?'tl?.·.⁵.·d.l'.·.l⁵.⁴.⁸.t

1262 5468 1344 5542 (apud
1361 5465 1393 5520 ‹te
1408 5459 1505 5516 Weu.
1522 5461 1554 5516 Τ.
1570 5459 1603 5518 v,
1623 5479 1650 5532 p.
1664 5463 1725 5519 552.
1736 5471 1763 5517 n
1776 5461 1828 5520 sss
1841 5469 1901 5536 00),

1368 5530 1426 5610 61
