4796 6258
207 325 213 342 “
326 317 405 396 607
898 313 1340 398 EPISTOLARUM
1388 315 1599 400 ntulit
1652 313 1786 400 1644.
2256 323 2306 404 ili

333 505 472 580 noster,
503 489 696 566 verissimis
720 516 741 565 a
762 503 799 566 te
820 507 966 588 ornatus
990 493 1178 580 laudibus,
1208 515 1325 588 qnon-
1347 499 1354 562 t
1375 493 1545 566 vitiatum
1566 507 1601 564 et
1621 494 1801 586 potentiae
1822 486 2011 586 splendore
2032 493 2137 588 eapti,
2166 495 2270 566 favoris
2288 513 2309 570 et

335 597 420 668 mm
441 597 541 669 dedit
561 597 668 668 nobis
690 597 875 692 aliquanto
898 597 1106 688 pleniorem.
1156 595 1234 666 Hoc
1249 595 1326 665 lieri
1349 565 1354 654 l
1376 596 1645 668 existimationis
1669 597 1769 717 quasi
1793 596 1929 666 viribus
1952 598 2131 668 destitutas
2151 599 2219 668 illas
2234 601 2311 670 inbe-

336 709 375 770 te
384 698 516 770 sciente
537 707 575 770 et
595 701 841 771 consentiente
859 700 1008 770 mirifice
1022 700 1101 770 vult
1123 712 1158 769 et
1174 699 1327 783 laborat,
1375 699 1475 768 eilles
1502 711 1536 769 ct
1564 695 1778 791 εὐνικητους
1802 698 2023 792 relinquunt.
2080 698 2167 768 Nam
2187 703 2266 792 quod
2284 703 2312 774 sit

336 801 374 871 e't
394 800 433 870 in
450 796 517 870 huc
537 824 614 872 non
634 815 708 873 tam
725 823 924 872 successum
937 825 1079 872 ornnem
1096 800 1263 871 editionis
1278 799 1328 868 si-
1377 799 1661 874 adversariorum
1674 802 1797 884 robur,
1823 825 1914 894 quae
1927 819 1961 870 et
1974 823 2079 894 mam
2094 801 2194 870 densa
2206 804 2314 889 agmina,

300 939 308 950 ν
336 916 414 974 tum
436 925 528 984 csse,
551 927 660 997 qnam
680 903 974 974 existimationem
998 925 1099 974 suam
1117 903 1207 972 verti
1229 901 1327 971 arbi·
1377 925 1469 997 quae
1491 902 1650 972 virorum
1677 925 1926 994 armorumque
1957 902 2161 986 instructio,
2188 899 2266 970 nihil
2284 917 2315 974 et
2351 849 2354 962 i

335 1015 463 1078 tutor.
512 1000 685 1096 Confugit
706 1005 815 1096 igitur
837 1007 880 1075 ad
903 1029 981 1090 me,
1006 1018 1040 1075 et
1061 1005 1328 1074 intercessorem
1378 1027 1519 1074 neeesse
1531 1003 1718 1095 perscribi,
1742 1005 1947 1095 praesertim
1967 1005 2011 1072 ad
2032 1015 2086 1088 te,
2110 1027 2207 1096 quem
2227 1005 2314 1073 certiu

335 1128 394 1176 me
409 1104 480 1176 sibi
495 1127 571 1176 esse
586 1107 728 1199 expetit.
779 1105 1006 1201 Quapropter
1021 1119 1068 1193 te,
1085 1107 1135 1176 mi
1149 1101 1327 1198 Philippa,
1378 1105 1500 1177 omnia
1519 1129 1624 1200 qnam
1639 1105 1765 1189 velles,
1789 1128 1864 1174 non
1879 1105 2078 1190 audiendo,
2104 1106 2163 1174 sed
2177 1107 2316 1196 experiur-

335 1201 564 1280 vehementer
575 1207 682 1280 etiam
695 1222 801 1305 atque
814 1208 921 1280 etiam
934 1231 1038 1299 rogo,
1063 1209 1220 1300 primum
1235 1221 1274 1277 ut
1289 1207 1328 1274 in
1379 1209 1426 1277 do
1443 1207 1654 1298 comperisse
1670 1207 1755 1276 scio.
1804 1203 1925 1299 Atque
1937 1207 2074 1277 utinam
2090 1223 2175 1278 esset
2195 1207 2271 1276 inter
2281 1230 2316 1274 ros

336 1303 406 1402 hac
418 1332 457 1382 re
475 1302 604 1407 Papae
625 1312 800 1382 desiderio
818 1312 1042 1406 obsequaris,
1067 1309 1197 1380 deinde
1212 1322 1247 1379 et
1260 1309 1330 1376 mi-
1378 1309 1488 1379 modo
1505 1309 1695 1379 concordia
1708 1321 1745 1378 et
1758 1308 1959 1378 animorum
1974 1310 2253 1402 voluntatumque
2263 1333 2317 1377 coa

338 1403 380 1485 hi
393 1413 614 1503 gratificeris,
639 1415 701 1508 qui
717 1413 770 1483 illi
787 1414 920 1505 optime
936 1413 1059 1505 cupio;
1087 1413 1142 1480 vel
1160 1411 1188 1478 si
1205 1424 1243 1481 tu
1262 1411 1329 1479 ali·
1379 1412 1515 1495 sensio,
1540 1435 1694 1505 quorum
1715 1433 1809 1480 unus
1829 1412 1917 1480 ordo
1937 1423 2006 1495 est,
2038 1405 2103 1482 καὶ
2124 1405 2190 1502 μία
2207 1405 2318 1490 siccior
2354 1411 2355 1414 ’

339 1527 395 1584 ter
413 1537 571 1600 censeas,
598 1516 648 1584 de
672 1511 739 1586 hoc
770 1516 875 1584 etiarn
904 1539 961 1584 rna
985 1517 1113 1584 reddas
1134 1514 1329 1584 certiorem.
1380 1507 1592 1611 quppopiu,
1615 1535 1731 1604 neque
1748 1513 1788 1580 in
1804 1512 2022 1602 professione
2043 1512 2241 1604 pulcerrima
2260 1511 2318 1602 opti-

338 1615 431 1687 Vale
445 1616 496 1686 mi
511 1615 717 1688 soadscime
730 1611 910 1708 Philipps.
961 1615 1088 1686 Nostr'a
1104 1615 1234 1684 familia
1249 1637 1330 1705 per·
1379 1637 1519 1684 marum
1538 1612 1739 1683 litterarum
1758 1624 1793 1682 et
1812 1614 1942 1682 artium
1957 1628 2209 1706 usurparentur
2219 1611 2319 1682 alienis

338 1732 499 1789 amanter
530 1731 565 1790 te
588 1733 623 1790 ct
646 1731 862 1792 tuoso'mnes
878 1718 1018 1788 salutat.
1069 1716 1122 1788 Te
1145 1741 1229 1786 vero
1252 1715 1331 1784 osli·
1381 1716 1469 1786 sima
1483 1714 1599 1786 studia
1614 1713 1827 1806 pertinaciae
1848 1729 1882 1784 et
1898 1715 2181 1785 malevolentiae:
2205 1716 2247 1784 ita
2259 1713 2320 1782 enit
2355 1709 2356 1714 ’

338 1818 455 1890 ciosus
472 1815 519 1893 G.
532 1816 661 1890 Comes
676 1831 809 1894 noster.
860 1817 993 1892 lterum
1007 1821 1096 1892 vale.
1126 1815 1244 1891 XVll.
1261 1814 1331 1890 Ca·
1382 1817 1509 1888 melius
1527 1816 1585 1886 vel
1609 1817 1768 1886 cedendo
1782 1816 1840 1886 vel
1861 1817 2087 1898 dimicando,
2114 1817 2144 1885 si
2168 1839 2247 1908 opus
2258 1825 2321 1896 esset,

338 1920 463 1991 lendes
483 1917 661 1992 Novemb.
1383 1918 1533 1989 salutem
1566 1939 1748 2009 possemus
1781 1918 1892 2002 tueri,
1924 1943 2007 1988 nam
2042 1919 2240 2009 dignitatem
2260 1916 2320 2010 quod

1384 2043 1565 2112 speremus
1580 2013 1672 2088 nihil
1688 2033 1757 2103 est,
1782 2043 1889 2112 quam
1905 2043 2048 2112 prorsus
2063 2022 2246 2092 amisimus.
2283 2013 2322 2087 lti-

1076 2175 1323 2188 „.„...-.-..
1384 2123 1432 2194 eit
1445 2133 1566 2191 noster
1580 2121 1667 2191 civis
1675 2115 1941 2206 Demosthenes,
1957 2122 2168 2214 locupletem
2183 2117 2322 2190 esschen

1384 2224 1589 2315 pabeam,
1614 2245 1703 2316 quae
1727 2223 1891 2294 societate
1913 2237 1947 2294 et
1971 2223 2040 2292 fide
2066 2238 2102 2294 et
2124 2217 2323 2294 'benevolentia

339 2336 408 2411 No.
423 2333 536 2408 3056.
1186 2349 1241 2411 18.
1261 2336 1333 2405 Oot.
1385 2337 1571 2414 augeatur,
1588 2324 1735 2418 quibus
1756 2338 1898 2395 nostrae
1918 2326 1992 2394 iere
2013 2327 2269 2396 communitates
2285 2343 2323 2388 ne·

336 2431 520 2482 ,wu-
1164 2431 1335 2459 ’Ν
1386 2450 1565 2521 quaquam
1585 2427 1782 2496 abundant.
1822 2424 1911 2498 ·Sed
1935 2420 2020 2496 haec
2033 2427 2080 2496 de
2104 2429 2246 2521 quodam
2258 2443 2323 2493 saun

611 2539 763 2625 Ῑοαςὴ,
777 2536 1046 2627 (Μενηνία
1386 2527 1550 2599 miseriae
1572 2540 1715 2599 nostrae
1735 2527 1912 2619 copiosius
1929 2529 2110 2620 disputavi
2130 2553 2229 2623 qnam
2244 2521 2323 2594 debui
2356 2555 2357 2580 i

449 2699 455 2714 ,
594 2699 601 2714 ,
655 2699 663 2715 ,
959 2698 966 2712 ,
1078 2695 1084 2710 ,
1386 2627 1434 2701 Et
1451 2629 1678 2719 cogitandum
1693 2629 1797 2698 nobis
1810 2643 1879 2716 est,
1903 2655 1984 2699 eum
1998 2644 2122 2702 nostra
2138 2631 2324 2712 delictam

410 2699 535 2783 l’rtmuqq
557 2697 630 2754 edrta
655 2719 683 2753 m
709 2696 802 2754 leonte
824 2705 1016 2779 grammaticae
1038 2696 1138 2751 latinae
1156 2695 1244 2770 Met,
1266 2715 1336 2770 quae
1412 2732 1515 2802 [ioris
1555 2753 1636 2800 uam
1678 2730 1882 2801 uotidiame
1897 2732 1989 2802 vitae
2003 2733 2135 2802 mereri
2156 2731 2324 2802 animadver-

443 2765 1042 2912 ifh‘iiifflahffinaiiffihhuhiel'
1065 2784 1126 2838 epp.
1144 2766 1177 2820 'd
1197 2764 1336 2822 &mma
1386 2757 1521 2902 lionam
1530 2755 1716 2925 t‹lqtranditm
1737 2833 1776 2901 in
1790 2856 1874 2917 nos,
1895 2847 1973 2903 tum
1995 2843 2094 2905 carto
2117 2835 2258 2929 quodam
2273 2851 2324 2897 eoa

1302 2985 1311 3006 .
1387 2934 1667 3005 silioconniverc
1683 2933 1862 3005 interdum
1870 2933 1987 3004 Deum
2003 2939 2048 3004 ad
2064 2929 2244 3006 hominum
2256 2931 2323 3022 aude

343 2983 543 3087 Philippus
565 2980 756 3062 ΜιΙαηΙΙι.
785 2983 815 3058 I
820 2980 1035 3058 anthime
1060 2978 1337 3060 Cametas-te

386 3084 614 3186 Pahergmsp
640 3089 719 3162 9570
745 3087 882 3188 „fimo
906 3086 1024 3161 amico
1048 3113 1116 3162 Suo
1138 3115 1301 3179 summo,
1387 3037 1479 3108 ciam
1493 3049 1528 3106 et
1541 3035 1688 3119 scelera,
1713 3049 1754 3106 ut
1767 3037 2069 3128 quemadmodum
2085 3038 2172 3108 dicit
2185 3039 2323 3116 idem,cu

1387 3138 1443 3209 ius
1465 3137 1572 3229 paulo
1586 3149 1668 3208 ante
1683 3137 1841 3223 memini,
1856 3131 2137 3224 Demosthenes,
2157 3139 2221 3209 sibi
2235 3137 2263 3204 in
2274 3151 2323 3201 con·

343 3207 392 3302 s·
416 3223 464 3298 D·
513 3224 608 3298 suni
628 3223 775 3320 quidem
789 3219 1000 3298 s⁰h⁰¹³⁸fi⁰f
1017 3228 1241 3318 magistram
1258 3226 1338 3322 01³3·
1388 3239 1602 3310 sideratione
1650 3261 1809 3308 summae
1853 3239 2059 3311 clementiae
2109 3233 2323 3311 Atheniensium

344 3330 461 3420 nione⁸
482 3327 679 3400 multorum
701 3351 818 3421 neque
843 3327 1015 3420 dignitate
1039 3343 1273 3422 praestantes,
1303 3344 1339 3401 et
1388 3341 1658 3434 saepeeubiisse,
1671 3333 2181 3436 φοβεῖσθαιμήιιὸαιμόνιον
2195 3335 2236 3412 τὰ
2250 3325 2323 3428 atit-

343 3432 510 3503 laborum
528 3443 634 3526 atque
651 3429 891 3522 periculorum
906 3429 1143 3522 singularium
1161 3446 1350 3524 expertesa
1387 3467 1491 3538 ματα
1511 3435 1664 3532 ἐλαύνῃς
1698 3439 1749 3512 lta
1766 3465 1831 3510 nos
1856 3457 1950 3512 certo
1966 3459 2164 3515 statuamus
2178 3440 2253 3512 hm
2264 3431 2322 3508 malt

344 3529 465 3626 thue
487 3532 674 3603 doctorum
697 3532 871 3623 sapientia
882 3527 1001 3628 χολὴν
1017 3529 1194 3626 οὐκὲχειν
1217 3527 1338 3627 perhi-
1389 3565 1542 3638 quorum
1564 3543 1693 3635 partim
1716 3543 1857 3627 dolore,
1895 3545 2024 3635 partim
2048 3562 2146 3618 metu
2172 3553 2323 3614 exercemur,

345 3637 467 3708 betur:
494 3633 543 3704 ita
559 3628 689 3704 horum
705 3633 799 3704 inter
814 3633 908 3727 ipsos
922 3635 1182 3705 administratio
1199 3635 1291 3705 lenis
1304 3650 1339 3707 et
1389 3669 1465 3715 non
1486 3631 1632 3715 existere
1653 3643 1819 3730 fortuito,
1845 3649 1906 3714 sed
1932 3647 2035 3718 certis
2059 3651 2106 3716 de
2123 3634 2323 3718 carresisalltt

345 3735 486 3834 placida
507 3748 541 3805 et
563 3746 637 3804 tnta
662 3757 735 3804 esse
757 3735 924 3808 ereditur.
975 3735 1035 3806 Tu
1050 3747 1166 3806 tamen
1183 3736 1338 3838 prpleeto
1390 3745 1537 3817 immitti
1557 3745 1677 3836 generi
1700 3738 1878 3832 humano,
1907 3760 1941 3818 et
1964 3749 2125 3840 permitti
2149 3764 2188 3818 ut
2206 3735 2325 3819 Diabolus

349 3853 384 3910 et
402 3836 541 3909 sensisti
564 3861 660 3906 nunc
682 3837 810 3922 etiam,
836 3849 969 3931 quanta
985 3836 1146 3907 molestia
1164 3839 1210 3908 sit
1233 3837 1272 3910 ἐν
1285 3841 1340 3934 τῷ
1391 3861 1495 3918 autor
1511 3847 1748 3918 calamitatum
1761 3847 1894 3917 saeviat
1917 3849 2112 3943 aliquando
2136 3851 2172 3918 in
2196 3843 2279 3917 terris
2289 3839 2325 3904 in·

350 3937 494 4035 ἄρχειν,
520 3950 554 4008 et
570 3950 734 4009 semestre
753 3954 854 4008 tuum
869 3937 1009 4008 linitum
1027 3961 1101 4008 esse
1115 3939 1217 4009 valde
1232 3941 1341 4011 laeta·
1390 3949 1543 4019 manius.
1580 3948 1728 4020 Aecum
1744 3973 1809 4018 nor
1828 3950 2011 4042 cupiamus
2028 3975 2103 4022 esse
2122 3953 2161 4022 in
2176 3959 2325 4020 eorumne

349 4043 410 4112 ris.
459 4037 578 4134 Atque
605 4053 720 4110 essent
740 4039 887 4109 fortasse
909 4040 948 4108 in
966 4039 1097 4110 nostris
1119 4035 1340 4138 πολιτεύμα-
1392 4075 1508 4142 mero,
1534 4051 1596 4146 qui
1612 4044 1748 4122 Christi
1760 4049 1916 4142 primum
1930 4052 2060 4143 ipsius,
2086 4053 2212 4123 deinde
2225 4045 2323 4138 Apoa

351 4163 411 4215 συν
425 4141 541 4212 facilia
556 4141 696 4220 omnia,
722 4139 753 4208 si
767 4164 842 4210 non
851 4133 1089 4212 scholasticus
1103 4144 1191 4212 ordo
1205 4143 1342 4238 iniqui-
1392 4153 1510 4223 lorum
1531 4152 1721 4242 praeconio
1742 4153 1925 4224 convocati
1947 4155 2067 4240 suere,
2103 4170 2137 4225 et
2161 4173 2248 4223 nune
2266 4143 2321 4214 eliu

351 4257 422 4315 tate
437 4244 590 4338 quadam
613 4241 669 4310 vel
692 4236 880 4310 hominum
895 4241 951 4310 vel
971 4254 1170 4334 temporum
1188 4248 1343 4335 graviter
1393 4253 1511 4324 verbis
1531 4254 1676 4324 illorum
1700 4247 1958 4340 convocantur,
1981 4257 2044 4350 qui
2067 4269 2120 4326 est
2141 4267 2251 4325 coetus
2264 4235 2326 4316 Cht't

351 4345 537 4415 laboraret.
589 4337 804 4432 Experimur
821 4340 916 4412 enim
931 4343 1047 4414 indies
1061 4367 1205 4435 magnas
1220 4361 1255 4418 et
1272 4348 1343 4418 dis-
1393 4356 1529 4427 stianus
1550 4369 1586 4426 et
1600 4353 1759 4426 Ecclesia
1773 4351 1861 4440 Dei,
1887 4381 1961 4426 non
1982 4359 2137 4453 querelis
2159 4371 2193 4428 et
2211 4373 2266 4422 uos
2276 4341 2327 4414 aliu

280 4531 283 4542 Ι
350 4446 460 4516 ficiles
475 4443 753 4527 adversationes,
779 4444 1005 4540 cuquuibus
1019 4445 1125 4518 nubis
1140 4461 1191 4518 est
1204 4447 1344 4519 luetan-
1392 4459 1601 4546 defatigare,
1624 4457 1683 4528 sed
1700 4451 1768 4528 hoc
1789 4479 1889 4547 agere
1905 4473 1939 4530 et
1953 4460 2120 4552 perficere
2136 4459 2294 4530 dehemus,
2307 4445 2328 4504 ul

351 4551 460 4632 dum,
485 4545 615 4640 impari
631 4545 777 4640 quidem
793 4558 980 4638 apparatu,
1005 4559 1041 4618 et
1061 4551 1256 4620 admodum
1271 4552 1345 4624 dis·
1392 4560 1576 4630 veritatem
1602 4558 1777 4643 colamus,
1810 4573 1844 4630 et
1864 4559 1969 4629 fidem
1988 4557 2067 4630 Deo
2089 4547 2328 4654 praestamenti

352 4649 530 4720 similibus
545 4647 667 4740 copiis.
717 4645 807 4716 Nam
823 4645 953 4741 quibus
973 4671 1038 4718 nos
1059 4651 1164 4720 rebus
1181 4651 1345 4726 instructi
1392 4660 1475 4730 freti
1497 4659 1740 4730 misericordia
1763 4659 1859 4729 illius
1884 4661 2116 4732 consistamus
2141 4660 2272 4757 quisque
2292 4659 2328 4712 ⁵¹¹⁰

355 4774 495 4836 sumus,
520 4749 558 4820 id
581 4763 655 4835 est,
680 4743 902 4820 humanitate
923 4749 963 4818 in
984 4748 1112 4820 litteris
1125 4765 1160 4824 et
1174 4755 1345 4826 mediocri
1393 4763 1491 4846 loco,
1517 4785 1590 4831 non
1605 4761 1721 4831 solum
1739 4761 1897 4850 fortiter,
1918 4775 2088 4857 tanquam
2105 4765 2142 4834 in
2160 4761 2228 4832 soie
2242 4762 2329 4848 putssl

354 4851 556 4924 eruditione
578 4875 618 4922 ac
641 4849 822 4935 doctrina,
843 4873 903 4921 eae
920 4875 1036 4946 neque
1053 4853 1175 4923 firmae
1194 4858 1278 4926 satis
1299 4859 1345 4926 ad
1393 4864 1486 4948 turi,
1518 4863 1548 4930 ai
1573 4886 1712 4933 necesse
1734 4862 1800 4943 sit,
1825 4865 1886 4933 sed
1920 4866 2120 4957 perpessuri
2143 4864 2240 4936 ettam
2263 4863 2330 4944 quae

354 4955 630 5046 protegendum,
656 4975 771 5046 neque
788 4953 928 5023 validae
943 4956 987 5024 ad
1003 4955 1267 5026 defendendum
1291 4983 1348 5028 re-
1395 4987 1534 5058 cunque
1547 4965 1667 5036 oblata
1681 4963 1830 5050 luerint,
1852 4963 2000 5044 scientes
2013 4964 2141 5052 Deum,
2165 4961 2223 5057 qui
2234 4957 2331 5050 proplet

353 5054 543 5148 Wlfflin?
564 5049 633 5123 ¹¹⁰0
655 5067 833 5146 l⁶¹¹¹P⁰f⁰2
860 5078 930 5149 q1¹0
954 5056 1064 5126 animi
1080 5051 1269 5130 hominum
1291 5061 1349 5131 di·
1393 5066 1510 5138 filium
1532 5091 1598 5138 nus
1623 5066 1870 5138 benevolentia
1890 5051 1953 5138 sua
1975 5069 2175 5160 complexus
2195 5061 2268 5140 fuit,
2286 5061 2331 5116 ⁰⁰¹¹

1396 5191 1499 5262 posse
1515 5193 1536 5238 a
1550 5167 1655 5239 nobis
1674 5189 1747 5238 esse
1759 5167 1927 5242 alienum.
1944 5205 1947 5212 v
1978 5165 2028 5241 Et
2042 5165 2139 5240 bunc
2159 5159 2334 5264 conservatu-

460 5350 467 5364 ι
780 5348 798 5366 ..
1397 5294 1479 5342 rum
1494 5265 1637 5342 Christo
1660 5293 1724 5341 suo
1743 5270 1929 5362 proprium
1954 5285 2111 5356 coetum,
2136 5270 2173 5338 in
2186 5285 2248 5355 quo
2259 5257 2334 5344 il⁵¹⁰⁶

423 5347 552 5474 {mm
560 5347 820 5475 ὲῖᾗξοῖᾞζῗξζζ
833 5349 1350 5502 ²}ssssfflcffidffl'fflfffffi
1399 5372 1524 5444 caritas
1547 5386 1581 5443 et
1603 5372 1750 5458 merita,
1774 5395 1815 5442 ao
1831 5373 1999 5443 beneficia
2015 5359 2267 5442 inaestimabilia
2282 5365 2333 5462 pff]

423 5487 531 5544 samso
544 5505 602 5546 noo
616 5496 718 5543 moon
731 5459 859 5543 adiuuit·
873 5487 984 5560 prioris.
1372 5527 1375 5538 .
1398 5487 1503 5568 petua
1518 5474 1786 5566 praedicentur,
1809 5486 1844 5545 et
1859 5460 2332 5568 laudeturipsel’aerltomffl
