4796 6258
336 277 413 354 487
902 275 1336 354 EPISTULARUM
1393 275 1502 354 ΜΒ.
1534 275 1600 352 lx,
1655 277 1791 354 1544
2249 287 2300 362 488

338 449 530 522 coercenda
555 448 754 521 iuventutis
778 450 971 542 petulantia
1007 451 1224 541 gravissime.
1282 446 1331 518 Et
1383 461 1609 516 enarraturus
1632 462 1686 534 est
1709 463 1743 519 et
1766 451 1933 541 exemplis
1956 451 2187 526 illustraturus.
2230 455 2301 528 Prae-

338 555 479 624 additae
510 566 594 622 sunt
626 549 815 622 Ambrosii
845 555 1039 623 sententiae
1074 549 1329 635 memorabiles,
1381 549 1472 638 leget
1488 561 1604 618 autem
1627 545 1715 620 hora
1731 553 1952 632 duodecima.
2005 551 2096 622 Utile
2112 568 2172 638 est,
2194 549 2301 627 hominis

338 665 507 745 tanquam
523 656 730 725 auctarium.
771 653 892 742 Quare
907 655 973 724 tibi
988 667 1022 722 et
1039 649 1151 736 habeo
1168 653 1328 743 gratiam,
1380 650 1487 740 periti
1503 665 1536 720 et
1554 651 1696 721 artificis
1715 651 1928 722 celeritatem
1945 665 1979 722 et
1995 653 2211 726 dexteritatem
2222 658 2301 728 ridere

338 768 375 825 et
388 755 534 823 referam
551 752 669 828 αὐτοῦ
685 759 740 852 τῷ
754 753 897 849 μέτρῳ,
920 756 1072 824 vicissim
1089 757 1224 848 aliquid
1241 752 1328 823 seri·
1379 766 1413 821 et
1435 752 1668 824 considerare.
1722 755 1858 822 Acuere
1885 755 1981 822 enirn
1999 769 2032 824 et
2047 756 2196 824 adiuvare
2210 757 2302 826 discen·

339 869 479 948 ptorum
504 857 660 940 mittam,
685 881 765 926 cum
788 854 995 926 habebimus
1013 857 1204 942 editiones,
1241 879 1327 948 quas
1378 866 1574 944 tespotest:
1598 855 2304 944 neepoeniteredebetstudiososlaboriset

337 957 538 1025 arbitrabor
559 957 625 1026 tibi
649 960 821 1048 voluptati
845 959 931 1032 sore.
984 956 1037 1026 De
1052 958 1251 1027 luventatis
1267 980 1328 1047 pe·
1380 954 1582 1044 diligentiae
1597 955 1633 1022 in
1650 949 1884 1029 arithmetica.
1934 955 2066 1047 Magna
2083 958 2152 1026 laus
2166 972 2209 1026 est
2222 973 2303 1026 etna

338 1058 565 1142 tulantiaset
588 1059 690 1127 viciis
705 1057 872 1150 Reipubl.
896 1083 969 1126 non
993 1061 1137 1151 quidem
1159 1059 1326 1128 omitten-
1379 1079 1445 1143 gua
1468 1056 1622 1140 utilitas,
1646 1050 1738 1126 hanc
1754 1071 1863 1125 artem
1881 1071 2020 1138 tenere,
2048 1082 2132 1151 quae
2150 1073 2180 1126 et
2199 1060 2304 1128 inauri

337 1160 403 1228 dae
426 1173 510 1228 sunt
530 1162 710 1252 querelae,
743 1164 802 1230 sed
826 1161 930 1228 dolor
958 1162 1069 1229 animi
1089 1161 1326 1230 moderandus
1377 1158 1449 1225 vita
1465 1171 1535 1226 tam
1550 1179 1717 1246 magnum
1731 1180 1834 1226 usum
1850 1153 1973 1243 habet,
1998 1172 2032 1229 et
2047 1160 2173 1228 aditum
2193 1161 2304 1251 patefacit

337 1273 399 1330 est.
425 1259 465 1330 si
480 1262 1007 1332 adiuvarenturconcionatores
1023 1276 1058 1331 et
1074 1265 1326 1352 gubernatores
1377 1259 1421 1327 ad
1449 1259 1645 1327 doctrinam
1678 1259 1724 1328 de
1755 1261 1910 1328 motibus
1934 1262 2148 1330 coelestibus.
2195 1259 2304 1328 'lanam

337 1356 537 1430 scholarum
561 1361 840 1455 aPrincipibus,
865 1364 998 1432 frenari
1015 1361 1326 1434 luventusmelius
1377 1359 1671 1449 impedimentum
1704 1372 1756 1431 est
1796 1384 2023 1450 progressuro
2062 1363 2099 1431 in
2131 1354 2306 1450 Philosophia

335 1476 462 1554 posset.
513 1460 584 1532 Sed
602 1486 703 1555 saepe
719 1465 828 1548 sensi,
856 1465 1028 1554 voluptati
1053 1489 1125 1534 esse
1147 1466 1236 1532 aulis
1258 1459 1325 1530 lroc
1377 1459 1540 1548 ignorare
1565 1455 1842 1546 arithmeticam,
1869 1477 2042 1555 quantum
2073 1463 2307 1554 impedimentum
2343 1478 2344 1553 t

337 1563 593 1654 spectaculum,
617 1587 698 1634 curn
714 1567 837 1636 vident
862 1590 944 1650 nos,
972 1580 1138 1660 tanquam
1163 1567 1200 1633 in
1218 1588 1323 1634 arena
1377 1577 1428 1632 est
1449 1563 1597 1633 coecitas
1615 1563 1684 1636 iter
1705 1585 1769 1653 per
1786 1563 1862 1632 loca
1879 1565 2046 1634 inusitata
2062 1563 2203 1634 facienti.
2244 1559 2307 1629 Etsi
2343 1557 2344 1596 ³

335 1665 462 1735 luctari
476 1658 525 1757 ἢ.
577 1664 748 1735 Feramus
772 1667 880 1755 igitur
913 1668 1050 1755 ingenti
1072 1661 1324 1756 Philosoplrieo
1376 1655 1456 1756 quis
1471 1659 1728 1734 arithmeticam
1744 1663 1969 1734 mediocriter
1984 1666 2161 1748 didicerit,
2181 1659 2308 1732 habetar-

335 1777 370 1835 et
389 1760 593 1837 Christiano
614 1767 734 1836 animo
762 1768 932 1851 iniurias,
962 1794 1027 1839 uec
1049 1784 1233 1860 propterca
1258 1791 1324 1834 uos
1377 1777 1466 1860 tem,
1499 1789 1590 1857 quae
1620 1759 1813 1856 provehere
1848 1769 1998 1836 eumad
2027 1767 2214 1838 functiones
2234 1763 2308 1852 parias

333 1867 464 1938 abduci
478 1868 522 1937 ab
538 1867 653 1939 officio
670 1883 793 1939 nostro
812 1869 979 1954 sinamus,
1001 1867 1234 1962 repugnemus
1248 1893 1325 1950 rne-
1377 1879 1489 1956 potest
1503 1881 1536 1938 et
1554 1865 1729 1959 praesidio
1748 1889 1821 1936 esse
1837 1867 1939 1984 aptae.
1990 1865 2076 1938 Ideo
2089 1885 2162 1942 non
2179 1865 2309 1953 negligu-
2344 1886 2345 1936 t

334 1968 505 2038 diocriter
523 1969 640 2040 furori
661 1964 868 2055 hominum,
903 1972 990 2040 etsi
1014 1995 1103 2066 quos
1128 1993 1324 2063 possumus,
1375 1969 1419 2036 da
1435 1981 1487 2037 est
1505 1962 1590 2037 haec
1604 1989 1679 2052 ars,
1704 1991 1795 2060 quae
1811 1969 1955 2061 quadem
1971 1985 2099 2041 natura
2113 1963 2309 2053 omniumpri·
2344 1965 2345 1988 ¹

332 2069 515 2142 flectamus
528 2071 573 2140 ad
591 2070 769 2146 virtutem.
819 2068 993 2143 Hiemihi
1013 2096 1139 2163 scopus
1160 2071 1324 2166 proposi·
1369 2093 1430 2153 ¹rna
1446 2080 1516 2154 est,
1539 2081 1581 2139 ut
1597 2092 1826 2138 numerorum
1849 2069 1984 2160 agnitio
1999 2073 2153 2164 primum
2172 2069 2310 2139 lumerest
2344 2137 2345 2168 ,

334 2183 391 2240 tus
407 2183 469 2255 est,
494 2164 552 2240 hie
566 2171 648 2242 finis
661 2195 822 2242 meorum
835 2173 1065 2245 consiliorum
1083 2189 1116 2244 et
1129 2167 1322 2243 meaePhi-
1373 2169 1513 2244 mentis.
1564 2165 1712 2266 (1544.)

251 2323 259 2330 -
332 2266 527 2362 losephiae.
566 2271 763 2345 Meministi
778 2275 911 2345 dictum
925 2267 1321 2366 sapientissimumFri-

333 2367 447 2442 derisi
457 2370 586 2458 Ducis,
597 2361 795 2462 'Tantam
816 2385 996 2473 quantum
1009 2401 1170 2474 possum.
1225 2376 1321 2445 ldem

265 2471 276 2490 '
331 2498 398 2544 nos
420 2475 459 2544 in
481 2487 603 2545 nostm
623 2501 772 2548 munere
785 2503 986 2572 sequamur.
1036 2478 1218 2549 Prosimus
1233 2477 1321 2548 Rei-

330 2578 416 2667 pub.
429 2588 464 2646 et
477 2579 690 2667 posteritati,
716 2593 889 2672 quantum
905 2603 1108 2672 possumus3
1135 2581 1321 2670 praesidia,
1372 2573 1437 2644 No.
1454 2571 1567 2650 8037.
2199 2575 2310 2655 susat
2345 2621 2346 2666 t

331 2678 488 2767 gratiam,
499 2679 652 2768 praemia
668 2679 771 2751 aDeo
786 2696 1022 2770 expectemus:
1039 2679 1205 2752 Humana
1221 2683 1318 2750 nulla
1377 2668 1549 2700 Μ
2096 2747 2107 2758 .
2193 2665 2310 2698 ⁹⁹⁹

330 2793 425 2848 sunt.
475 2777 545 2849 Hie
566 2774 796 2852 scholasticus
817 2775 1049 2852 Lism'censis
1071 2784 1194 2854 scribit
1222 2785 1320 2853 solu·
1644 2773 1792 2858 ῙοαοῘι.
1825 2770 2089 2866 cameraria.

332 2895 403 2952 tarn
439 2881 654 2966 orationem,
687 2897 722 2952 et
751 2905 872 2952 versus
896 2885 981 2954 satis
1008 2887 1157 2958 erudite.
1214 2885 1318 2954 Nunc
1437 2929 1513 2984 Ei„
1536 2929 1713 2988 adcamerar
1779 2932 1855 2986 43⁶,
1906 2933 1950 3004 (ed
1975 2932 2057 2990 ,md
2083 2935 2180 2993 ,MV
2249 2927 2301 2992 ω.)

331 2994 429 3063 orat,
455 2981 516 3073 qui
535 2983 756 3072 praeficiatur
773 2978 914 3055 scholae
929 2981 1125 3060 Bornensi.
1177 2985 1267 3057 Nam
1290 2988 1319 3055 is
1463 2951 1478 3002 p
1515 2971 1523 2987 ⁹
1713 2949 1766 3004 .p.
1858 2951 1886 3006 q.
1952 2971 1961 2990 ⁵
2058 2958 2101 2992 Ἰ
2182 2953 2239 3006 ,ep

330 3081 393 3176 qui
409 3081 525 3151 fuerat
539 3083 724 3154 accersitus
741 3099 901 3157 mortuus
915 3103 976 3159 est.
1029 3087 1179 3158 Videtur
1201 3104 1317 3158 autem
1370 3075 1595 3155 Clarissimo
1618 3083 1695 3155 viro
1722 3081 1924 3156 eruditione
1951 3095 1982 3158 ct
2005 3087 2137 3160 virtute
2157 3073 2312 3186 p-eastaati

329 3177 388 3252 hic
404 3171 610 3252 Chilinnus
625 3188 782 3256 modesto
800 3201 833 3259 et
852 3189 951 3258 bono·
968 3191 1109 3279 ingenio
1129 3194 1317 3281 praeditus.
1371 3185 1399 3257 I
1404 3180 1612 3257 oachimo
1640 3179 1759 3274 Cam.
1792 3181 1887 3263 Pah.
1911 3181 2067 3260 Rectori
2090 3187 2202 3265 Acon.
2223 3177 2311 3282 Lipt

329 3281 378 3353 Et
393 3285 580 3375 pollicetur
596 3309 633 3355 se
651 3310 725 3356 non
748 3290 824 3358 fore
841 3305 1081 3386 contumacem
1099 3295 1267 3364 adversus
1285 3309 1318 3364 te
1370 3367 1374 3388 ¹
1641 3310 1720 3370 01¹0,
1746 3287 1865 3358 “mlw
1880 3313 1948 3361 51¹⁰
1963 3291 2095 3362 tufts-t·

330 3398 364 3456 et
380 3387 656 3456 concionatores.
707 3386 791 3458 ldeo
807 3415 887 3459 eum
909 3392 975 3460 tibi
992 3397 1213 3470 commendo.
1260 3393 1318 3465 Aa
1369 3405 1417 3494 S·
1442 3421 1486 3493 D,
1537 3387 1873 3492 Hunc'fagciffllum
1897 3423 2048 3514 accipie,
2070 3447 2090 3494 g
2114 3426 2189 3494 viro
2208 3417 2309 3490 honesta

328 3485 544 3578 Episcopum
568 3480 752 3559 Cicensem
783 3493 869 3562 alias
894 3495 1056 3570 scribam.
1107 3494 1205 3567 Bene
1230 3499 1318 3572 vale.
1372 3541 1407 3606 et
1431 3529 1519 3594 bene
1547 3525 1673 3595 merito
1705 3528 1750 3593 de
1775 3521 1952 3609 Ecclesia,
1984 3519 2159 3595 Iohanne
2182 3509 2311 3592 Tertoria

328 3585 397 3656 ΠΝ
412 3589 474 3662 28·
492 3589 671 3681 septemb·
1373 3627 1517 3696 Pastore
1530 3623 1707 3694 Ecclesiae
1727 3622 1953 3720 Neapoli¹)‚¹
1965 3629 2031 3697 sita
2054 3629 2093 3696 in
2114 3611 2310 3720 Tyrigetisal

1372 3730 1505 3797 flumen
1528 3721 1733 3810 Aurelium,
1763 3727 1826 3818 qui
1850 3740 1889 3797 ut
1908 3728 2047 3798 aditum
2070 3729 2115 3798 ad
2142 3743 2175 3797 te
2203 3721 2312 3794 haberti

1373 3831 1556 3920 epistolam
1580 3851 1599 3896 a
1623 3851 1678 3896 me
1699 3827 1879 3916 flagitavit.
1935 3827 2071 3920 Magno
2096 3827 2197 3901 nobis
2218 3819 2312 3895 usuiet

328 3982 361 4054 N
437 3983 461 4052 ⁰
1371 3933 1442 4001 fuit
1458 3944 1493 4000 ct
1506 3941 1558 3998 est
1572 3929 1611 3997 in
1628 3941 1700 3998 tota
1718 3921 1893 4021 decentiora
1908 3932 1951 3998 ad
1968 3928 2113 4016 Salam,
2135 3944 2170 4001 et
2183 3939 2228 3997 est
2242 3919 2312 3992 hom

334 3983 525 4108 Q·
1116 3997 1320 4118 (Q)
1369 4028 1531 4130 γνησίως
1545 4022 1732 4126 apprime,
1756 4053 1838 4100 vere
1854 4031 2025 4100 candidus
2042 4044 2079 4101 et
2098 4031 2242 4118 integer,
2258 4017 2313 4133 lull

828 4192 836 4210 .
896 4195 903 4210 ,
1207 4153 1209 4157 ·
1370 4158 1438 4227 que
1454 4133 1594 4224 Lipsiae
1609 4124 1861 4225 συμφοιτηιὴς
1883 4146 1985 4218 tuus,
2011 4131 2047 4202 et'
2065 4126 2125 4203 hie
2145 4123 2312 4202 uuafuisttt

700 4181 939 4273 Studwffl‘l·
998 4220 1005 4232 ⁸
1370 4233 1489 4324 Quare
1502 4248 1542 4304 ut
1562 4255 1643 4302 eum
1657 4233 1905 4325 complectare,
1930 4256 2028 4324 rogo.

424 4339 530 4412 scripu
542 4339 618 4426 publ.
632 4339 747 4400 wireb-
763 4344 798 4400 T.
813 4347 833 4402 ι.
852 4367 879 4419 p.
893 4347 961 4405 9⁵12.
1480 4333 1589 4405 Mitto
1607 4333 1673 4403 tihi
1690 4334 1874 4426 epistolam
1892 4331 2153 4424 llungaricarn,
2173 4332 2210 4400 iu
2231 4327 2312 4420 quaet
2347 4353 2348 4386 t

475 4467 480 4482 ¹
529 4483 598 4562 Ph
616 4490 671 4563 ,1.
1368 4431 1531 4507 historias
1549 4436 1720 4530 quasdam
1742 4449 1898 4506 recentes
1912 4433 2169 4526 Hungarorum
2181 4429 2313 4534 legesft

607 4518 634 4598 ¹»
654 4518 727 4592 ῬΡ
737 4522 788 4567 ¹¹⁸
813 4494 948 4569 Mela
958 4495 1038 4570 ’Μ’
1049 4526 1114 4571 ⁰7¹⁰
1306 4536 1311 4543 ’
1366 4539 1504 4609 videbis
1519 4551 1677 4607 nostram
1692 4535 1967 4608 familiaritatem
1980 4537 2061 4608 aliis
2078 4535 2183 4609 bouis
2196 4525 2312 4602 laomim·

324 4601 438 4697 Extat
452 4624 616 4713 libellus,
641 4629 699 4699 eui
716 4630 839 4701 titulus
857 4643 909 4702 est
921 4627 1314 4730 IsagogoArithmeti-
1365 4641 1432 4710 bus
1445 4641 1549 4710 etiam
1567 4639 1759 4708 iucundam
1773 4649 1858 4726 esse.

326 4747 398 4811 ces,
434 4727 579 4798 collecta
613 4742 648 4799 et
680 4731 774 4801 edita
805 4757 868 4822 per
898 4729 1135 4808 Ioachr'mom
1163 4737 1314 4811 Ammo-
1467 4733 1595 4838 Λόγος
1613 4735 1864 4838 πανηγυρικὸς
1878 4735 1914 4835 ²)
1936 4734 2020 4832 napi
2035 4727 2094 4814 ὧν
2109 4722 2311 4833 &pretinm

319 4825 428 4896 niam
447 4821 683 4913 Nimirum,
708 4834 862 4927 quisine
886 4839 1311 4928 ambagibusbrevissima
1364 4843 1403 4910 in
1427 4842 1588 4934 proxima
1616 4841 1783 4933 epistola,
1813 4823 1902 4914 vovi
1924 4837 2184 4934 ἐκδεδομένος,
2212 4819 2313 4918 awti0⁸¹

279 4959 283 4966 ¹
322 4942 505 5021 praecepta
535 4932 711 5017 continet,
750 4959 902 5028 quorum
931 4941 1105 5013 maximus
1134 4967 1220 5016 usus
1250 4961 1312 5016 est.
1362 4935 1687 5042 roivdqpmyo'pwv
1709 4939 1859 5041 φρένας.
1910 4941 2016 5015 Mem
2038 4945 2150 5016 frater
2163 4933 2244 5014 mihi
2259 4943 2311 5022 if*

321 5025 429 5100 lluuc
448 5030 610 5102 libellum
626 5027 818 5106 Iohannes
835 5031 879 5107 F
874 5033 1032 5138 iscder')
1056 5039 1311 5124 Arithmeticus

1362 5143 1588 5164 nun-nnn·-

319 5211 528 5228 *-

352 5318 384 5388 η)
402 5319 459 5375 gg„
488 5321 597 5376 pamm·
1395 5229 1424 5345 ll
1442 5271 1574 5335 Nerstedt
1592 5291 1628 5328 an
1649 5273 1698 5328 der
1716 5271 1795 5328 Orls.
1840 5273 1974 5328 lohannes
1988 5273 2097 5330 man
2129 5269 2183 5332 vid.
2201 5281 2237 5337 ep·
2256 5241 2314 5314 luti.

461 5355 470 5374 '
597 5361 604 5376 ·
1428 5341 1456 5398 a.
1471 5345 1495 5398 ι.
1509 5343 1578 5398 aot.
1592 5344 1670 5397 rata.
1680 5343 1752 5414 apua
1765 5343 1801 5396 aa
1810 5339 1906 5397 were
1920 5341 1952 5397 r.
1968 5343 2003 5400 v.
2014 5362 2042 5416 p.
2055 5309 2120 5397 ssi.

282 5402 285 5406 ⁵
355 5405 387 5475 1)
406 5403 466 5468 Vld·
482 5403 516 5460 δὲ
528 5424 561 5462 ²0
573 5425 616 5481 tp·
630 5409 658 5466 d.
673 5411 701 5468 7·
715 5409 812 5486 septa.
821 5433 845 5472 a.
861 5415 940 5478 rats.
1321 5417 1327 5428 ⁸
1392 5429 1422 5500 2)
1440 5427 1551 5484 lutheri
1563 5425 1672 5483 libellus
1683 5425 1717 5480 de
1730 5441 1817 5486 coena
1830 5443 1918 5483 sacra
