4776 6260
84 319 159 394 sas
672 319 1111 403 urrsronauuru
1163 331 1363 410 arama.
1417 335 1548 417 teas.
2054 341 2129 440 aso

84 507 309 579 curaturum,
333 505 374 563 ut
394 517 457 584 per
477 493 727 576 virosdoctos‚
752 495 1004 570 conscientiam
1018 498 1077 568 in-
1132 503 1232 575 denti
1262 523 1537 598 conventumm,
1577 527 1612 586 et
1644 515 1830 586 advocavit
1861 511 2057 608 Episcopus
2090 527 2124 588 et

84 612 218 686 aegram
233 589 417 681 habentes,
439 597 649 668 concordiae
663 610 697 667 et
713 599 809 690 pacis
827 611 996 684 amantes,
1022 624 1078 670 re-
1130 602 1310 677 Praelatos
1335 623 1371 680 et
1391 613 1496 696 alios,
1523 617 1652 710 quibus
1674 641 1758 688 cura
1782 631 1853 700 est,
1879 631 1919 688 ut
1936 615 2121 709 privilegio

82 697 250 770 formatio
270 694 510 794 Ecclesiamm
535 698 795 784 conscribatur,
830 721 896 770 nec
926 723 993 770 nos
1016 725 1078 770 ex·
1129 706 1168 776 in
1187 711 1346 780 conciliis
1364 715 1587 802 generalibus
1608 716 1786 787 residendi
1800 733 1835 790 et
1856 719 2047 790 sententias
2066 719 2122 789 di-

83 801 279 870 cludendos
319 799 548 884 existimavit,
599 824 670 895 quo
705 801 825 870 minus
859 802 1076 878 audiremur.
1129 809 1230 878 cendi
1248 826 1401 902 potestas
1424 811 1534 910 θεῖ’).
1585 815 1843 890 Circumfertisr
1862 821 1967 892 etiam
1990 819 2118 892 inlm-

82 901 154 974 Sed
172 903 202 972 si
218 901 324 972 etiam
343 924 405 992 per
420 924 486 971 nos
508 901 718 976 deliberatio
735 903 816 972 talis
835 897 1074 986 exhiberetur,
1129 913 1228 1001 perio
1254 915 1455 1006 exemplum
1483 918 1605 1010 scripti
1626 917 1827 1006 Pontificii,
1864 925 1909 992 ad
1936 920 1977 996 C.
1998 921 2051 996 M.
2075 919 2118 997 V.

81 1005 198 1074 voluit
219 1002 386 1071 omnibus
406 1003 556 1073 statibus
578 1003 640 1072 illa
665 1003 813 1074 consilia
836 1003 1010 1096 proponi,
1042 1019 1076 1076 et
1127 1014 1225 1081 missi
1241 1026 1396 1108 tempore
1412 1015 1541 1089 Gallici
1557 1017 1854 1116 expeditionis‘),
1876 1024 1969 1117 quod
1987 1025 2118 1101 iniuste

78 1119 242 1178 amanter
269 1117 304 1176 et
331 1099 524 1174 christiana
554 1106 683 1198 pietate
714 1105 836 1199 quaeri
857 1106 1076 1177 conciliatio·
1125 1115 1288 1204 sugillat,
1312 1114 1353 1192 C.
1375 1115 1429 1194 M.
1455 1119 1520 1204 V.,
1553 1123 1760 1193 labefactare
1783 1139 1948 1210 conatur,
1982 1149 2024 1196 ex
2046 1149 2118 1220 quo

75 1233 161 1280 nem
178 1204 346 1278 Ecclesiis
359 1207 567 1292 salutarem,
594 1208 707 1276 donec
729 1208 767 1275 in
785 1209 941 1296 generali
960 1209 1074 1279 libero
1125 1217 1170 1285 de
1189 1218 1369 1290 voluntate
1388 1221 1483 1312 eius,
1508 1224 1680 1294 instructa
1704 1241 1778 1296 arte
1800 1239 1836 1296 et
1858 1226 1981 1296 iraude
1996 1227 2118 1296 conia-

75 1326 118 1382 et
134 1305 327 1380 christiano
338 1305 500 1379 Concilio
517 1309 574 1378 vel
586 1307 761 1380 nationali
772 1307 920 1404 Synodo
933 1309 1072 1401 integra
1125 1329 1223 1388 ctura
1239 1320 1314 1390 lieri
1329 1336 1460 1414 potest,
1486 1328 1582 1418 quod
1598 1329 1640 1398 ad
1655 1321 1890 1404 ,christianam
1912 1343 1948 1400 et
1966 1328 2115 1398 liberam

74 1409 281 1485 conciliatio
297 1411 533 1501 perficerelur·
1123 1423 1300 1514 synodum
1316 1425 1408 1494 etad
1424 1421 1654 1498 christianam
1671 1429 1957 1501 conciliationem
1973 1442 2117 1502 contro-

183 1527 325 1622 ltaque,
347 1539 388 1597 ut
403 1525 579 1617 intelligat
600 1523 639 1601 C.
657 1523 712 1601 M.
728 1523 791 1612 V.,
816 1550 883 1598 nos
904 1529 1000 1600 iusta
1027 1529 1072 1599 it.
1124 1522 1336 1610 versitatum,
1353 1543 1606 1618 congruentem
1621 1527 1839 1620 Evangelio,
1853 1527 2045 1604 inclinatus
2060 1531 2116 1616 sit,

72 1633 140 1706 lud
157 1629 323 1724 spirense
347 1629 526 1700 decretum
547 1629 736 1700 inclinatos
761 1652 834 1699 esse
857 1631 901 1700 ad
922 1632 1016 1722 piam
1038 1645 1073 1702 et
1123 1623 1278 1718 denique
1300 1628 1404 1720 quale
1425 1629 1615 1702 concilium
1638 1633 1877 1704 celebraturus
1895 1634 1960 1714 sit,
1988 1631 2115 1702 videli-

72 1730 633 1816 christianamconciliationem,
665 1725 872 1802 exhibemus
895 1729 994 1806 Caes.
1016 1731 1070 1806 M.
1121 1739 1201 1810 cet,
1222 1740 1262 1798 ut
1284 1725 1471 1822 Synodus,
1498 1745 1671 1826 quantum
1701 1733 1832 1825 inipso
1864 1749 1935 1820 est,
1968 1733 1999 1803 si
2021 1735 2053 1804 ei
2079 1747 2114 1804 et

74 1837 125 1910 V.
142 1859 222 1905 cum
246 1831 364 1904 debita
391 1833 587 1903 reverentia
611 1834 836 1926 quorundam
867 1833 1069 1906 docentium
1120 1826 1189 1920 ipsi
1212 1823 1488 1902 adhaerentibus
1510 1834 1774 1926 promitteretur
1794 1861 1813 1906 a
1835 1833 1999 1922 Caesare,
2033 1859 2114 1930 per-

71 1941 116 2010 in
136 1933 304 2006 Ecclesiis
327 1933 457 2004 nostris
487 1947 523 2004 et
546 1933 696 2004 aliorum
720 1933 880 2006 virorum
903 1930 1071 2006 honesto·
1119 1929 1259 2000 mittere
1274 1955 1363 2024 quae
1387 1934 1597 2022 moliantur,
1619 1961 1695 2006 uon
1714 1939 1759 2008 ad
1777 1961 1937 2010 normam
1951 1933 2114 2028 Evange-

73 2066 178 2124 rnm,
206 2039 339 2107 bonam
365 2035 618 2107 conscientiam
650 2031 861 2107 habentium
887 2051 922 2108 et
945 2061 1067 2130 pacem
1119 2031 1159 2100 tii
1176 2033 1238 2100 sed
1261 2035 1306 2102 ad
1327 2057 1427 2104 suam
1443 2035 1663 2108 voluntatem
1685 2021 1956 2135 congrueret⁶),
1981 2063 2045 2109 nec
2067 2039 2113 2108 li-

73 2141 272 2214 amantium
307 2138 600 2208 deliberationem
639 2137 684 2208 de
717 2137 775 2230 pia
807 2139 1068 2220 conciliatione,
1118 2133 1202 2203 bera
1226 2146 1259 2204 et
1274 2156 1383 2227 aequa
1400 2139 1460 2206 sed
1476 2162 1620 2230 prorsus
1637 2139 1797 2231 partialis
1811 2155 1917 2226 esset,
1942 2139 2031 2210 sicut
2045 2164 2111 2210 an-

73 2267 166 2339 quae
181 2243 223 2312 ad
237 2239 386 2332 gloriam
404 2237 471 2309 Dei
487 2254 521 2312 et
536 2239 683 2310 salutem
700 2240 861 2309 omnium
883 2243 1067 2333 profutura
1119 2247 1172 2305 lea
1195 2257 1298 2326 saepe
1320 2260 1394 2306 rem
1418 2261 1460 2308 eo
1482 2242 1656 2311 deducere
1675 2256 1823 2312 conatus
1846 2257 1913 2324 est,
1940 2258 1981 2313 ut
1997 2243 2111 2312 lucem

75 2347 237 2428 videtur,
259 2355 293 2412 et
309 2343 353 2410 de
367 2363 436 2436 qua
452 2354 577 2412 neutra
592 2365 672 2434 pars
688 2341 814 2412 merito
830 2344 933 2436 queri
949 2345 1069 2436 possit,
1117 2335 1247 2426 fugiat,
1273 2361 1353 2406 cum
1369 2339 1513 2432 quidem
1530 2355 1563 2414 st
1578 2341 1743 2412 Pontifici
1759 2343 1947 2435 praecipue
1966 2357 2112 2434 propter

76 2460 114 2516 et
136 2469 213 2514 cum
233 2443 349 2514 debita
375 2443 570 2514 reverentia
595 2465 754 2522 oramus,
780 2458 822 2514 ut
836 2441 935 2518 Caes.
954 2444 1005 2518 M.
1022 2444 1066 2518 t.
1117 2438 1361 2508 asrctoritatem
1376 2463 1481 2533 quam
1498 2442 1564 2512 sibi
1580 2443 1705 2528 sumit,
1724 2457 1760 2513 et
1780 2444 1931 2535 singulis
1944 2441 2108 2515 christia-

74 2559 219 2641 propter
230 2545 376 2636 gloriam
392 2542 460 2615 Dei
474 2560 508 2618 et
529 2543 676 2616 salutem
691 2543 876 2617 universae
890 2542 1067 2618 Ecclesiae
1117 2539 1172 2609 uis
1196 2555 1388 2630 competat,
1416 2545 1589 2616 rationem
1612 2545 1694 2614 fidei
1717 2569 1801 2616 suae
1822 2548 1987 2631 reddere,
2017 2547 2110 2616 sicut

72 2665 109 2721 et
132 2648 336 2741 praesertim
356 2645 588 2718 Gemanica
609 2646 765 2716 nationis
786 2648 846 2718 det
872 2646 1067 2740 inspicien.
1115 2663 1181 2711 nos
1197 2644 1241 2710 ad
1259 2641 1295 2710 ld
1312 2643 1543 2716 luflllsslmuln
1565 2646 1720 2716 officium
1742 2647 1944 2718 reddendae
1957 2645 2109 2718 milonis

71 2755 160 2824 dum
176 2762 211 2820 et
228 2745 546 2839 expendendum²)
562 2748 647 2818 viris
662 2748 792 2834 doctis,
817 2773 892 2820 non
907 2751 1066 2842 partiali·
1116 2744 1160 2812 de
1177 2743 1340 2814 doctrina
1357 2747 1582 2817 ecclesiarum
1597 2761 1799 2818 nostrarum
1822 2751 1979 2822 modeste
1999 2761 2034 2819 et
2051 2748 2110 2840 pie

74 2857 160 2938 bus,
192 2851 416 2942 cupientibus
438 2851 622 2920 communi
648 2850 753 2920 saluti
772 2847 951 2922 Ecclesiae
979 2877 1064 2924 con·
1115 2866 1254 2936 suuper
1275 2847 1491 2935 obtulimus,
1525 2862 1558 2920 et
1581 2849 1621 2918 in
1650 2849 1788 2943 aliquot
1810 2851 2045 2922 conventibus
2069 2851 2107 2918 id

72 2957 208 3042 sulere;
235 2977 307 3046 quo
321 2977 362 3022 ex
380 2953 510 3043 scripto
525 2947 621 3022 haud
637 2951 744 3022 dubie
760 2951 935 3042 intelliget
952 2951 993 3027 C.
1011 2953 1063 3022 M.
1114 2947 1278 3032 fecimus,
1310 2961 1344 3018 θῑ
1365 2945 1482 3022 adhuc
1502 2973 1568 3020 1¹⁰⁸
1587 2953 1632 3022 sd
1656 2951 1695 3021 ld
1716 2953 1917 3022 faciendum
1932 2975 2051 3024 curam
2065 2949 2105 3030 G.

74 3057 137 3142 V.,
161 3078 227 3125 nos
247 3049 341 3122 nihil
357 3077 526 3145 quaerere
546 3069 607 3125 aut
632 3067 809 3144 spectare,
834 3053 904 3124 nisi
928 3068 967 3126 ut
987 3057 1064 3145 glo·
1115 3045 1168 3120 M·
1180 3045 1221 3122 V·
1238 3070 1278 3118 ac
1293 3052 1443 3124 statibus
1458 3053 1812 3144 imperiireveteuler
1825 3055 2028 3134 offerimus,
2042 3057 2106 3125 (¹⁰⁴

70 3161 126 3230 ria
142 3157 210 3228 Dei
226 3179 308 3227 vere
322 3155 518 3226 celebretur
535 3167 569 3224 et
584 3151 769 3244 Evangelii
788 3156 916 3226 veritas
937 3156 1064 3238 luceat,
1113 3149 1211 3219 lectis
1237 3149 1434 3239 iuditibus,
1467 3152 1584 3226 Deum
1607 3156 1835 3240 timentibus,
1866 3156 2007 3249 aequis,
2029 3179 2106 3226 aion

70 3275 108 3332 et
128 3258 234 3330 saluti
255 3255 454 3327 animarum
480 3269 682 3328 nostrarum
708 3272 742 3328 et
765 3258 956 3328 multarum
977 3281 1064 3348 gen·
1113 3251 1340 3341 partialibus,
1365 3255 1410 3324 de
1431 3256 1651 3326 contentane
1669 3269 1788 3348 nostra
1802 3253 1987 3347 Augustas
2005 3252 2107 3328 esbi-

70 3365 181 3442 tinm‚
206 3372 241 3431 et
263 3359 383 3428 firmae
405 3358 657 3453 tranquillitati
677 3357 811 3449 patriae
829 3371 971 3432 nostrae
993 3355 1063 3430 hu.
1112 3352 1185 3420 bita
1201 3351 1312 3420 lirmis
1326 3366 1362 3424 et
1371 3356 1564 3446 perspicuis
1578 3355 1790 3429 testimoniis
1805 3359 2000 3450 scripturae
2017 3381 2105 3450 apo-

69 3467 129 3536 ins
145 3459 379 3533 Germanicae
394 3461 550 3531 nationis
564 3461 781 3534 consulatur.
1111 3452 1255 3522 stolicae
1271 3455 1404 3526 luenda
1419 3459 1587 3528 adversus
1600 3456 1734 3552 Papam
1749 3471 1783 3528 et
1797 3457 1979 3532 Praelatos
1994 3458 2027 3528 ei
2040 3461 2105 3531 ad·

173 3575 246 3648 Nec
267 3576 372 3646 nobis
395 3575 577 3667 displicet,
609 3574 762 3666 proponi
788 3569 882 3646 banc
903 3590 1059 3649 nostram
1111 3547 1304 3629 h³⁰¹¹⁰¹¹l²³0

67 3677 381 3764 deliberationem,
419 3677 514 3748 bono
545 3677 683 3761 studio,
724 3675 875 3747 fideliter
903 3692 939 3750 et
966 3680 1059 3749 boua
1211 3653 1282 3728 &d
1305 3679 1349 3726 ⁰¹
1371 3654 1475 3730 Pfflll
1490 3657 1673 3734 P⁰nllf¹⁰l⁸
1695 3661 1827 3754 ‘terli’to
1846 3661 1892 3732 δᾶ
1910 3659 2104 3734 C.M.Ve-

67 3779 285 3856 conscientia
314 3779 498 3870 scriptam,
538 3777 685 3847 caeteris
721 3775 862 3871 imperii
897 3781 1060 3866 statibus,
1108 3769 1215 3828 ‘mm
1247 3758 1288 3828 5¹¹
1313 3755 1470 3832 Gflfflffl
1494 3763 1601 3833 ¹⁰5⁸⁸⁰
1632 3763 1718 3834 ³²5⁸
1740 3765 1910 3856 “limeis
1947 3789 2031 3838 eum
2054 3763 2103 3834 5¹³

64 3884 132 3980 qui
158 3905 177 3952 a
204 3879 307 3951 nobis
329 3881 560 3964 dissentiunt,
584 3891 626 3950 ut
648 3903 728 3950 cum
750 3882 907 3951 candore
928 3897 964 3953 et
982 3883 1059 3955 sine
1109 3859 1388 3978 bublifmlfflm
1405 3885 1478 3934 ²⁸⁸²
1498 3865 1708 3950 ⁶⁰⁰⁰i¹5¹¹¹¹¹s
1733 3877 1774 3936 ¹³²
1795 3865 1899 3935 ¹¹⁰bi³
1922 3879 1956 3936 ⁸²
1981 3865 2104 3956 ¹⁰8³ss

64 3983 245 4060 calumnia
264 3983 473 4075 expendent,
521 3977 589 4067 Ea,
610 3981 642 4049 εἰ
667 4005 774 4074 quam
796 3983 950 4054 formam
971 4009 1060 4056 con,
1109 3975 1240 4079 nostras
1264 3963 1485 4082 absentibus,
1519 3964 1582 4060 qui
1605 3979 1640 4038 et
1661 3967 1918 4039 confessionem
1946 3980 2102 4038 nostram

66 4085 327 4158 ,gignendarum
351 4083 577 4154 ecclesiarum
605 4081 673 4174 ipsi
693 4085 992 4176 composuifflng‚
1019 4101 1061 4158 ug
1109 4087 1204 4155 pram
1217 4075 1326 4182 tuen,
1341 4079 1375 4136 et
1390 4067 1602 4138 contrariam
1618 4067 1728 4161 ipsius
1741 4069 1938 4140 doctrinam
1956 4067 2102 4160 impiam

68 4189 110 4260 ῑῃ
132 4209 266 4258 mem
289 4183 449 4276 spirensi
473 4185 653 4254 decretum
676 4197 746 4270 ω,
785 4187 890 4257 nobi,
916 4211 1059 4284 quoqu,
1108 4165 1257 4282 refutas}
1283 4179 1416 4254 essem,
1442 4167 1538 4242 iuxta
1558 4172 1767 4242 mandatum
1783 4167 1903 4242 Pauli:
1928 4167 1966 4240 εἰ
1979 4165 2101 4269 suerit

65 4315 144 4362 eam
158 4281 345 4382 arsenat’)
360 4277 533 4378 petimus,
558 4297 598 4357 ut
613 4299 774 4358 amanter
788 4287 833 4356 de
847 4311 985 4360 summa
1007 4292 1056 4360 ,ej
1108 4259 1248 4336 sedeate
1271 4265 1468 4340 raedarium
1493 4277 1611 4341 tacent
1632 4267 1759 4369 prior,
1783 4271 1858 4365 ipse
1878 4287 1996 4344 tamen
2020 4293 2107 4342 cum

61 4394 225 4468 conferre
249 4388 344 4459 iuxta
373 4387 464 4458 illud
486 4385 653 4480 spirense
678 4389 878 4476 decretum,
911 4403 947 4462 ,a
973 4415 1056 4463 eon,
1108 4364 1296 4486 Episcopis
1323 4367 1544 4444 etPraelatis
1563 4369 1858 4460 adhaerentibus,
1882 4374 1945 4470 qui
1966 4371 2102 4466 praeci·

59 4495 223 4568 cordiam
250 4489 464 4562 constituere
487 4491 675 4582 possimne.
1108 4494 1171 4562 pua
1186 4483 1222 4540 et
1236 4471 1456 4544 infestissimi
1470 4475 1662 4546 adversarii
1675 4489 1775 4562 sunt,
1800 4489 1968 4570 tanquam
1984 4471 2103 4544 hostes

1109 4595 1211 4642 verae
1232 4572 1434 4662 doctrinae,
1457 4577 1565 4646 simul
1583 4577 1670 4649 velit
1693 4591 1812 4648 manen
1831 4591 1865 4647 et
1878 4575 2103 4646 adversarius

165 4609 319 4692 verum,
344 4605 617 4677 clementissime
640 4606 853 4700 imperator,
878 4631 954 4682 non
975 4633 1057 4704 pos-
1163 4673 1174 4691 ‚
1551 4679 1560 4696 ,
1806 4677 1814 4696 ⁸
1854 4677 1864 4696 ·
1905 4677 1915 4696 .

54 4735 186 4790 sumus
208 4706 277 4781 boc
301 4709 507 4800 praeterire,
532 4709 631 4803 quod
652 4709 904 4801 intelligimus,
935 4725 1057 4794 statne,
1108 4685 1142 4744 et
1162 4675 1269 4794 ruder
1292 4697 1384 4764 esse,
1410 4679 1455 4748 de
1476 4679 1579 4749 vobis
1599 4693 1633 4750 et
1657 4679 1704 4750 de
1718 4701 1936 4769 gravissimis
1956 4691 2100 4748 contro-

55 4817 127 4913 qnp
143 4839 162 4886 g
177 4811 525 4898 „obqgssgfflfium’
549 4805 617 4880 ho,
632 4833 717 4902 pr„
732 4811 893 4901 nferre,
916 4837 952 4886 δε
966 4807 1055 4886 hm
1108 4797 1231 4892 perstas
1257 4790 1379 4868 contra
1402 4780 1523 4850 omnia
1546 4781 1689 4865 divina,
1719 4779 1892 4850 naturalia
1916 4791 1950 4848 et
1970 4779 2099 4870 scripta

55 4919 264 4992 institutam
292 4909 369 4988 aC.
383 4911 436 4988 M.
453 4911 495 4990 V.
518 4910 804 4984 conciliationem
829 4939 903 4988 uon
923 4917 1055 4986 admis-
1107 4901 1205 4961 ¹⁰²³*
1230 4889 1402 5000 ‘feffmffl
1417 4905 1642 4953 immunem
1661 4903 1831 5002 filma·
1847 4905 1929 5000 ‘qm
1951 4881 2097 4976 quidem

50 5043 164 5096 miros
186 5037 260 5088 esse
284 5029 490 5106 propterea,
516 5013 610 5110 quod
626 5005 775 5085 Paulas
789 5013 936 5104 terlius,
959 5015 1056 5088 Pon·
1106 4977 1341 5052 ‘Quum
1361 5005 1460 5070 ΝΜ»
1483 4995 1712 5122 qlianlumlffl
1732 4983 1951 5076 P⁰¹⁸²¹fi⁸¹³m
1970 4977 2100 5054 wiht*

51 5123 146 5198 tilex
169 5117 373 5200 Romanus,
403 5115 530 5186 iterum
554 5115 723 5190 indixerit
747 5119 939 5190 concilium
971 5117 1054 5190 Tri·
1110 5159 1317 5180 -....-.

50 5289 269 5326 Μ
1139 5268 1168 5337 4)
1184 5270 1222 5322 ss'l
1237 5268 1413 5328 scribendum
1432 5271 1540 5332 inisset.

89 5403 352 5479 auem
517 5413 556 5460 ..
569 5403 598 5460 .
1140 5354 1656 5504 aasumensi·
1669 5359 1772 5417 ω·
1785 5357 2007 5434 aa...
2033 5359 2099 5418 u

86 5509 121 5576 ἢ
139 5505 283 5568 Scriptum
301 5509 357 5558 ests
372 5501 450 5558 ouda*-
1138 5509 1325 5584 Quantas
1344 5522 1376 5570 nt
1391 5513 1598 5586 berennus
1617 5517 1747 5574 mendosa
1764 5515 1902 5574 sitienter.
