4796 6258
50 343 131 418 537
312 339 320 352 '
627 339 1068 418 EPISTOLARUM
1126 341 1234 417 Llll.
1270 343 1334 420 lx.
1389 341 1520 421 1544.
2017 345 2093 420 558

53 527 197 584 coetum
217 513 372 608 aliquem
394 528 524 599 servet,
552 513 614 608 qui
644 516 691 585 sit
712 527 829 586 custos
852 509 981 585 horum
1001 512 1056 581 li-'
1098 514 1136 580 in
1158 509 1299 603 phrasi,
1326 515 1363 584 in
1389 517 1649 608 distinguendis
1675 515 1873 586 intervallis
1897 515 2090 586 sententia·

53 617 205 684 brorum
227 629 262 687 et
282 639 384 686 verae
406 617 609 692 sententiae.
659 612 859 707 Obsiguato
882 614 1046 706 legemin
1098 639 1176 682 rum
1193 614 1445 703 diligentiores.
1497 615 1656 712 Apparet
1677 632 1814 703 autern,
1835 616 2089 708 interpretibus

53 716 357 808 discipulis-meis,
375 719 510 812 inquit3
537 720 574 788 id
591 731 652 803 est,
672 714 765 788 hane
778 741 900 790 curam
919 715 1045 788 suscita
1098 712 1171 799 his,
1197 739 1349 808 qnorum
1375 715 1461 788 haec
1482 735 1534 810 est
1554 722 1686 803 versio,
1713 733 1878 800 nontam
1893 719 2087 788 verborum

53 820 96 888 in
119 819 323 888 ariditorum
354 843 513 890 meorum
534 820 733 906 mentibus,
770 835 811 891 ut
836 833 914 891 tuos
936 819 1046 887 libros
1097 817 1315 889 intellectum
1338 821 1509 906 defuisse,
1533 846 1639 915 quam
1662 820 1880 909 diligentiam
1905 819 2088 890 indistin-

54 933 195 1000 ament,
222 921 356 1009 legant,
378 937 572 1007 asservent,
598 937 631 992 et
644 923 828 1015 propagari
846 934 987 1004 current,
1013 931 1046 987 et
1097 921 1246 1008 guendis
1261 925 1456 997 sententiis.
1508 921 1614 1012 Quod
1629 947 1670 992 eo
1685 923 1830 1007 accidit,
1856 922 1938 1014 quia
1955 936 1989 992 et
2004 922 2087 991 son-

55 1047 180 1090 eorum
199 1024 354 1092 studium
372 1023 513 1096 adiuva.
564 1019 727 1093 Aceende
742 1025 848 1095 etiam
864 1023 902 1090 in
916 1020 1046 1092 menti·
1097 1036 1147 1090 tes
1172 1023 1345 1094 nonsatis
1369 1025 1636 1109 intellexerunt,
1661 1038 1696 1095 et
1709 1024 1754 1094 ad
1768 1022 1987 1114 diligentiam
2011 1023 2087 1092 sor·

52 1125 122 1192 hus
155 1148 276 1192 eontm
309 1123 423 1194 lucem
453 1137 569 1204 tuam,
605 1137 639 1195 et
657 1140 827 1219 tanquam
853 1118 1047 1220 σφραγῖδα
1099 1125 1247 1192 mandae
1275 1126 1448 1196 orationis
1475 1127 1514 1196 in
1537 1123 1672 1196 Graeca
1697 1124 1819 1214 lingua
1840 1147 1915 1194 non
1939 1125 2085 1194 suerum

55 1239 153 1296 tuam
173 1225 386 1318 imprimite,
417 1226 583 1296 videlieet
602 1229 759 1297 nativam
783 1241 948 1297 ctreram
965 1248 1048 1292 seu-
1098 1225 1304 1298 adsuelacti:
1337 1242 1456 1317 postea
1486 1230 1591 1300 etiam
1620 1242 1673 1299 tot
1695 1226 1821 1296 seculis
1844 1223 1956 1294 multa
1975 1248 2087 1293 mem-

59 1329 215 1398 tentiam.
272 1325 348 1396 Hos
381 1329 476 1396 inter
497 1328 728 1418 imperiorum
750 1330 871 1397 ruinas
891 1339 1046 1395 servato:
1098 1326 1161 1395 bra
1177 1329 1357 1398 confusius
1372 1332 1633 1422 descripserunt
1649 1328 1786 1399 indocti
1801 1325 1954 1399 librarii.

53 1431 173 1498 dacis
199 1425 350 1520 hospitia
373 1429 509 1522 aliqua,
536 1442 570 1498 et
584 1431 844 1520 posteritatem,
870 1444 911 1500 ut
930 1442 965 1498 te
986 1451 1045 1496 ex·
1199 1427 1349 1502 Prodest
1377 1445 1492 1502 autem
1519 1448 1636 1505 extare
1659 1427 1744 1500 haee
1768 1439 2018 1506 monumenta,
2052 1439 2087 1498 et

53 1545 208 1622 pectent.
267 1529 370 1598 Hane
393 1527 519 1600 Esaiae
548 1533 785 1622 precationem
815 1555 881 1604 uos
904 1551 1045 1623 quoque
1099 1543 1241 1620 propter
1263 1533 1381 1602 citatas
1402 1557 1422 1602 a
1446 1532 1557 1604 Paulo
1579 1533 1789 1614 sententias,
1815 1543 1850 1600 et
1866 1530 1948 1623 quia
1975 1527 2087 1598 inter·

52 1631 124 1702 hoc
141 1647 298 1723 tempore
320 1653 421 1724 saepe
444 1633 635 1722 cogitemus
658 1649 691 1704 et
705 1635 908 1717 recitemus,
935 1656 973 1699 ac
997 1630 1046 1696 si·
1097 1635 1183 1700 dum
1205 1628 1340 1703 Graeca
1376 1635 1480 1707 lectio
1507 1636 1653 1726 propior
1684 1647 1736 1703 est
1762 1633 1940 1716 fontibus,
1978 1652 2087 1723 quarn

52 1735 133 1804 mul
146 1732 224 1803 Deo
247 1735 376 1822 gratias
398 1757 556 1822 agamus,
583 1737 677 1826 quod
694 1758 759 1804 uos
774 1735 816 1802 ad
831 1757 976 1803 suorum
999 1731 1045 1799 li·
1097 1735 1243 1819 initiata,
1265 1749 1302 1804 ut
1319 1737 1358 1804 in
1371 1739 1543 1807 sententia
1557 1735 1759 1824 gravissima
1774 1746 1809 1802 et
1823 1729 2000 1802 Ecclesiae
2022 1753 2087 1798 ne-

52 1840 206 1906 hrorum
234 1836 422 1905 lectionem
451 1851 485 1907 et
507 1839 795 1927 propagationem
820 1837 978 1918 vocavit,
1012 1844 1047 1902 et
1097 1839 1243 1909 cessaria
1267 1841 1361 1930 apud
1384 1835 1500 1908 lohel:
1543 1835 1803 1910 convertimini
1824 1836 1869 1904 ad
1889 1831 2087 1904 Dominum

52 1963 122 2008 suo
140 1937 289 2030 quisque
314 1938 390 2006 loco
413 1936 550 2029 aliquid
573 1963 699 2030 operae
721 1939 878 2010 conferat
892 1939 936 2006 ad
951 1934 1046 2003 divi·
1097 1939 1211 2010 Deum
1234 1953 1408 2026 vestrum,
1442 1941 1524 2032 quia
1548 1939 1722 2028 benignus
1743 1949 1778 2006 et
1803 1935 2004 2004 misericors
2023 1945 2087 2016 est,

50 2063 189 2110 norum
217 2051 533 2109 monumentorum
557 2041 841 2112 asservationem.
899 2035 1047 2107 Praedi-
1098 2043 1234 2134 patiens
1248 2054 1281 2110 et
1296 2042 1426 2112 multae
1441 2041 1719 2123 miserirordiae,
1743 2049 1778 2108 et
1793 2034 2012 2128 praestabilis
2027 2056 2088 2102 su-

52 2156 140 2213 cant
162 2165 264 2211 suum
288 2140 517 2226 beneficium,
540 2143 602 2233 qui
618 2156 751 2211 veteres
766 2151 906 2232 poetas,
932 2134 1046 2207 histo·
1100 2167 1161 2234 prr
1193 2141 1340 2215 malitia.
1407 2141 1505 2229 Quid
1538 2138 1598 2212 hie
1633 2141 1806 2231 significat
1844 2131 2089 2228 praestabilis?

51 2246 169 2326 ricos,
195 2253 368 2325 oratores,
393 2238 566 2325 medicos,
586 2244 702 2333 legum
719 2241 901 2311 volumina
919 2242 1046 2310 edunt:
1100 2245 1257 2316 Graecus
1285 2243 1428 2334 proprie
1457 2256 1491 2312 et
1522 2244 1704 2334 perspicue
1731 2239 1890 2310 reddidit
1912 2234 2087 2306 Ebraeam

52 2361 92 2416 et
112 2347 201 2412 iuste
215 2343 437 2434 praedicant,
464 2367 503 2412 ac
519 2347 666 2432 gratiam
683 2339 883 2414 habendam
907 2343 956 2412 eis
976 2355 1047 2410 sta·
1098 2371 1219 2414 rocem
1241 2349 1437 2436 μετανοῶν
1451 2340 1536 2442 (ἐπὶ
1558 2347 1640 2424 ταῖς
1661 2337 1852 2428 κακίαις),
1877 2337 2089 2428 significans,

52 2461 135 2516 tuo.
184 2443 229 2514 Et
247 2445 281 2512 iu
302 2439 358 2512 his
376 2445 484 2512 rnrdta
501 2442 678 2515 Ecclesiae
694 2458 854 2537 prosunt.
905 2443 974 2515 Sed
994 2457 1048 2512 tn-
1098 2448 1213 2517 Deum
1236 2447 1273 2514 in
1301 2445 1563 2515 adflictionibus
1589 2440 1961 2516 nostrisetaecumuis
1984 2435 2086 2530 quasi

52 2573 142 2618 men
155 2547 263 2616 multo
278 2545 387 2636 magis
402 2546 632 2635 praedicanda
645 2561 696 2618 est
704 2546 1048 2628 voluntasomnium,
1100 2549 1278 2641 poenitere
1293 2571 1375 2618 suae
1391 2547 1611 2631 iracundiae,
1637 2571 1676 2616 ac
1690 2545 1850 2634 mitigare
1863 2563 2014 2632 poenas,
2042 2562 2087 2607 ue

52 2651 121 2746 qui
145 2663 287 2731 curant,
311 2661 351 2716 ut
374 2661 510 2731 extent,
535 2664 576 2720 ut
595 2651 668 2720 sint
687 2651 727 2718 in
750 2648 915 2718 manibus
929 2643 1048 2716 homi·
1100 2671 1243 2744 prorsus
1262 2672 1522 2721 consumamur.
1580 2647 1660 2719 Etsi
1690 2645 1786 2716 enim
1817 2641 2005 2711 iustissima
2035 2653 2088 2710 est

52 2779 145 2824 nram
162 2775 202 2820 ac
217 2749 500 2820 transmittantur
515 2751 559 2818 ad
574 2765 731 2842 posteros
745 2751 830 2820 libri
844 2744 1047 2839 Prophetici
1099 2755 1173 2836 ira,
1211 2765 1328 2822 tamen
1350 2743 1436 2821 haee
1461 2763 1580 2820 nostra
1611 2747 1835 2820 imbecillitas
1864 2742 2087 2812 severitatem

51 2873 89 2927 et
110 2852 319 2945 Apostolici.
372 2848 523 2919 Gratum
540 2849 615 2921 Deo
638 2853 774 2922 faciunt
795 2865 831 2921 et
850 2851 1048 2942 scriptores,
1101 2854 1224 2923 iudicii
1247 2853 1363 2921 divini
1382 2853 1475 2922 serre
1496 2865 1627 2944 potest:
1652 2850 1744 2921 sicut
1762 2848 1890 2918 clamat
1905 2841 2086 2914 Ieremias:

53 2957 121 3054 qui
136 2955 315 3024 versiones
335 2951 532 3021 luculentas
547 2956 740 3040 adornant3
767 2967 802 3022 et
823 2947 1047 3049 typographi,
1099 2954 1246 3046 Corripe
1266 2979 1342 3040 mc,
1367 2950 1540 3038 Domine,
1568 2977 1693 3024 verum
1718 2950 1756 3019 in
1779 2947 1930 3029 iudicio,
1956 2959 1989 3014 et
2014 2965 2087 3012 non

53 3059 121 3156 qui
148 3059 275 3140 edunt;
301 3067 335 3123 et
359 3053 555 3144 principes,
582 3057 642 3149 qui
667 3051 752 3124 haec
775 3056 889 3124 studia
915 3057 1048 3136 soient,
1100 3057 1138 3126 in
1161 3058 1298 3142 furore,
1323 3079 1368 3126 ne
1390 3056 1429 3124 in
1451 3050 1607 3126 nihilum
1629 3053 1768 3142 redigas
1782 3072 1850 3118 me.
1901 3043 1949 3118 Et
1968 3055 2087 3115 extant

53 3187 124 3233 nec
148 3157 365 3250 impediunt,
390 3169 431 3225 ut
450 3155 487 3224 lit
510 3155 547 3224 in
569 3155 691 3226 multis
706 3157 805 3230 locis.
854 3153 1047 3246 Praecipue
1099 3157 1229 3229 multae
1245 3158 1378 3227 similes
1391 3155 1599 3230 sententiae.
1649 3154 1832 3226 Postremo
1855 3148 1991 3218 utilitas
2013 3169 2087 3214 uon

52 3287 142 3332 vero
165 3262 254 3330 bene
278 3269 459 3326 merentur
473 3257 517 3326 de
531 3255 708 3344 Ecclesia,
726 3259 787 3350 qui
800 3259 914 3328 lontes
930 3259 1047 3348 prole·
1099 3259 1317 3351 aspernanda
1346 3273 1418 3342 est,
1459 3257 1555 3351 quod
1584 3279 1665 3326 cum
1695 3273 1893 3324 sermonem
1924 3243 2089 3340 Apostoli

54 3377 161 3449 runt,
192 3361 358 3430 videlicet
383 3354 554 3430 Ebraicos
582 3359 695 3431 libros
725 3353 984 3450 Prophetarum
1013 3368 1047 3427 et
1099 3361 1234 3432 Graece
1256 3360 1450 3431 scribentes
1472 3383 1513 3429 ex
1533 3353 1603 3428 hoc
1621 3356 1715 3426 libro
1732 3349 1937 3434 sumserint,
1961 3347 2089 3416 melius

56 3467 215 3538 Graecos
235 3459 498 3553 Apostolorum.
547 3455 725 3530 Omnium
747 3459 856 3550 igitur
879 3483 985 3551 opera
1007 3459 1045 3528 in
1098 3462 1297 3550 intelligent
1320 3463 1476 3553 pondera
1502 3460 1693 3528 verborum
1713 3455 1753 3524 in
1766 3448 1980 3544 Apostolicis
2000 3448 2088 3517 scri-

56 3565 207 3638 edendis
223 3589 263 3632 ac
284 3561 505 3632 illustrandis
520 3557 667 3635 Graecis
685 3559 938 3652 Apostolorum
960 3560 1043 3630 scri·
1101 3565 1186 3656 ptis,
1220 3563 1281 3655 qui
1307 3574 1439 3632 attente
1460 3561 1577 3648 legent
1597 3553 1694 3627 huuc
1715 3557 1859 3626 librum.
1910 3547 2111 3622 Adserve·.

55 3671 126 3766 ptis
142 3667 322 3760 probanda
342 3677 407 3734 est:
435 3685 517 3730 nam
533 3658 572 3732 hi
591 3678 674 3734 sum
691 3665 816 3736 loutes.
1101 3687 1176 3732 nura
1193 3685 1275 3753 ergo
1290 3657 1375 3732 haec
1393 3674 1641 3744 monumenta,
1668 3656 1889 3750 inspicienda
1905 3651 2086 3724 studiosis.

163 3767 374 3840 Versiouem
393 3789 477 3834 vero
501 3760 673 3834 Graecam
688 3759 948 3855 Prophetarum
973 3761 1046 3832 scio
1100 3767 1283 3859 Quidquid
1302 3777 1353 3834 est
1367 3764 1484 3848 enim,
1510 3762 1605 3857 qnod
1620 3760 1739 3852 aliqua
1758 3783 1799 3827 ex
1816 3770 1914 3848 parte
1937 3755 1979 3822 ad
2004 3751 2088 3820 illu-

57 3875 164 3961 looge
186 3867 438 3962 squalidiorem
461 3888 533 3934 esse
554 3865 627 3936 suis
648 3867 824 3936 lontibus:
852 3867 910 3934 sed
929 3878 1046 3935 tamen
1098 3871 1278 3936 strandam
1300 3865 1498 3935 doctrinam
1525 3863 1707 3934 coelestem
1726 3857 1912 3943 conducit,
1936 3855 2089 3942 diligen-

58 3989 177 4044 estnre
188 3995 263 4040 eam
273 3969 359 4040 utile
369 3981 430 4052 est,
446 3991 575 4037 cumea
586 3961 714 4038 Graeci
729 3968 923 4037 etiamnum
938 3980 1043 4036 utan·
1099 3984 1151 4039 ter
1166 3969 1394 4038 retinendum
1409 3979 1472 4038 est.

61 4089 134 4158 tur,
148 4072 330 4143 etcollatio
347 4065 595 4161 saepehatinis
610 4070 773 4159 prodesse
791 4067 918 4160 possit:
944 4067 1046 4136 deni·
1201 4067 1293 4140 Tam
1315 4067 1426 4138 multa
1449 4079 1533 4136 sunt
1552 4063 1704 4134 illustria
1728 4057 1927 4132 testimonia
1952 4052 2087 4125 deDeo

66 4197 135 4268 que
151 4197 226 4242 curn
241 4167 591 4244 sententiaeaPaulo
607 4171 730 4240 citatae
745 4171 946 4250 ostendant,
961 4183 1046 4240 tune
1098 4171 1137 4240 in
1159 4183 1231 4242 tota
1256 4182 1383 4240 natura
1410 4167 1550 4238 rerum!
1609 4163 1680 4237 llic
1708 4157 1969 4256 pulcherrimus
1999 4159 2089 4234 urdo

68 4300 144 4342 eam
161 4275 196 4343 in
211 4267 635 4364 manibusApostolorum
653 4271 769 4344 luisse.
804 4267 851 4372 Et
866 4285 951 4340 tunc
966 4295 1045 4342 cnm
1098 4295 1310 4362 corporum,
1336 4271 1429 4360 leges
1451 4282 1566 4340 certae
1583 4278 1745 4337 motuum
1762 4263 1985 4345 coelestium,
2009 4281 2089 4348 spe-

62 4378 148 4450 lihri
164 4377 213 4448 illi
230 4375 360 4448 Graeci
378 4373 584 4462 integriores
602 4387 736 4456 essent,
763 4383 797 4441 et
813 4385 904 4442 recte
919 4372 1047 4442 distin·
1099 4375 1231 4442 cierum
1262 4371 1501 4446 conservatio.
1542 4367 1616 4462 ipsa
1644 4391 1745 4437 mens
1773 4361 1947 4446 hominis,
1987 4373 2019 4428 cl
2050 4359 2087 4426 in

58 4481 128 4565 eti,
162 4481 242 4572 plus
265 4479 351 4548 lucis
373 4471 527 4546 hahebat
550 4471 685 4546 Graeca
710 4475 826 4546 lectio.
886 4471 959 4544 Nee
983 4496 1045 4564 rgo
1101 4489 1216 4543 mente
1239 4473 1387 4542 notitiae
1410 4472 1624 4542 certissimae
1646 4490 1876 4538 numerorum
1894 4459 2090 4544 etordinis‚

54 4589 102 4656 de
119 4580 369 4672 interpretibus
383 4578 587 4669 disputabo:
614 4576 766 4666 optarim
783 4575 994 4646 eruditiores
1013 4587 1049 4646 et
1099 4593 1132 4647 et
1154 4576 1343 4644 discrimen
1370 4569 1600 4644 honestorum
1620 4585 1654 4642 et
1673 4569 1852 4662 turpium,
1878 4563 2008 4634 multae
2031 4563 2089 4631 lu-

53 4685 301 4774 diligeotiores
317 4679 441 4764 luisse,
467 4679 669 4772 quicunque
688 4679 844 4750 luenrnt.
895 4676 966 4748 Sed
983 4701 1047 4770 po-
1098 4691 1257 4747 turarum
1278 4699 1398 4746 renam
1422 4673 1717 4766 significationes,
1749 4691 1840 4763 quae
1860 4663 1979 4735 omnia
2002 4683 2090 4730 ton-

52 4807 184 4862 strema
192 4785 252 4854 illa
262 4796 354 4852 aetas
363 4778 493 4852 ludaici
504 4780 639 4872 populi,
653 4777 882 4868 regnantibus
890 4775 1048 4864 Graecis,
1099 4779 1247 4848 virreunt
1264 4778 1403 4846 animos
1423 4789 1581 4856 nostros,
1602 4770 1699 4844 hune
1715 4769 1889 4840 mundum
1907 4787 1981 4834 non
1999 4763 2089 4832 exti-

50 4913 131 4962 non
150 4881 276 4956 habuit
291 4883 422 4952 multos
437 4874 1046 4972 reeteintelligentesProphetarum
1100 4881 1181 4949 tissa
1204 4903 1302 4964 casu,
1334 4882 1395 4949 sed
1419 4901 1493 4949 esse
1517 4877 1698 4970 qnaudam
1728 4883 1903 4940 aeternam
1933 4877 2088 4934 mentem

50 4989 258 5066 conciones.
307 4981 423 5055 Erant
437 4985 532 5054 enim
551 4984 736 5076 pleraeque
750 4981 1047 5073 insulsisopinio·
1098 4977 1423 5052 architectatricem.
1473 4976 1613 5049 Deinde
1628 4973 1852 5044 manifestum
1871 4981 1940 5053 est,
1966 4965 2089 5057 puniri

48 5097 164 5166 nibus
185 5085 456 5160 Pharisaeorum
478 5087 683 5156 obscuratae
714 5107 754 5152 ac
777 5107 866 5174 pene
887 5083 1046 5156 obrutae.
1099 5083 1229 5152 atrocia
1264 5083 1394 5152 scelera
1426 5079 1466 5149 in
1497 5074 1563 5148 hac
1588 5077 1660 5146 vita
1688 5073 1886 5162 insignibus
1909 5067 2089 5159 exemplis.

49 5195 103 5269 Et
119 5213 334 5286 quamquam
351 5187 503 5282 inSyria
519 5185 553 5256 e't
569 5181 730 5280 Aegypto
748 5183 786 5252 in
801 5183 952 5253 urbibus
970 5209 1047 5254 ma·-
1098 5181 1161 5254 Est
1186 5183 1294 5272 igitur
1317 5181 1551 5274 providentia.
1610 5177 1729 5265 Quare
1754 5195 1893 5242 necesse
1916 5185 1988 5253 est·
2021 5163 2089 5282 lm·

48 5297 194 5370 ioribus
215 5291 367 5386 populus
392 5287 527 5359 Graece
549 5287 779 5380 loquebatur:
812 5298 929 5354 tamen
952 5287 1045 5354 nati·
1098 5285 1210 5352 misses
1235 5307 1424 5376 quaerere,
1450 5282 1531 5360 nbi,
1553 5280 1678 5374 inquo
1701 5300 1827 5368 genere
1849 5271 2030 5344 doctrinae
2053 5292 2090 5338 se

48 5423 136 5468 vam
160 5395 408 5487 proprietatem
431 5415 504 5462 non
523 5390 673 5460 retiuuit
696 5392 948 5479 incormptam.
996 5383 1046 5458 Et
1099 5387 1297 5478 patefecerit
1310 5381 1423 5468 Deus,
1449 5383 1536 5476 quid
1556 5384 1599 5450 de
1612 5375 1901 5451 reconciliatione
1917 5371 2090 5444 docuerit.

49 5502 117 5574 alii
135 5497 215 5570 aliis
232 5509 334 5568 erant
348 5491 570 5576 eruditiores,
592 5505 626 5562 ct
641 5491 680 5560 in
696 5491 834 5562 delectu
844 5489 1045 5576 verborum,
1097 5487 1194 5559 llaec
1209 5487 1270 5581 qui
1287 5509 1369 5555 vere
1385 5479 1819 5564 considerant,Ecrlesiae
1834 5478 1947 5547 libros
1960 5485 2091 5554 amant.
