4796 6258
57 323 137 398 597

61 497 163 590 apud
185 485 348 566 tutorem}
398 487 478 560 lloe
500 486 663 580 cupimus
680 484 775 577 apud
792 482 949 579 aliquam
970 475 1058 598 eivi-

61 613 174 670 tatem
200 611 264 687 pto
289 589 459 684 pensione
484 602 577 660 certa
599 587 790 672 collocare,
815 597 937 679 utpro
952 603 1060 676 qum-

62 699 236 796 quaginta
255 694 371 766 annis.
423 686 503 762 Oro
524 690 654 781 igitur,
680 701 723 762 ut
746 711 802 758 me
823 685 1000 758 adiuvetis
1020 682 1061 750 in

62 829 109 874 eo
131 797 286 888 negotio.
329 791 410 866 Etsi
428 785 701 866 Nortlsnsanus
725 787 877 861 Senatus
897 786 987 859 solet
1009 797 1062 856 ta·
1113 808 1158 904 s·
1179 826 1226 904 D·
1275 825 1452 901 Reddidi,
1467 825 1560 902 mihi
1576 827 1656 904 heri

66 907 120 974 les
144 899 370 972 venditiones
394 897 530 980 iacere,
555 895 724 964 adiuvare
740 914 823 977 nos,
840 903 882 962 ut
896 885 983 959 haee
998 909 1062 978 pe·

66 1005 173 1078 cunia
201 995 419 1072 Northusiae
446 985 651 1070 collocetur.
700 993 799 1064 Bene
822 993 945 1065 valete.
995 983 1064 1058 Die

68 1108 243 1198 gloriosae
266 1095 497 1173 Ascensionis
518 1093 655 1170 Christi
684 1091 794 1169 1544.
859 1091 965 1176 Filii,
995 1087 1067 1162 Dei

71 1207 263 1292 beneficio,
287 1216 381 1276 recte
397 1201 535 1288 valent,
553 1213 589 1274 et
603 1199 756 1274 discunt.

812 1291 1014 1390 Philippus.

73 1497 1069 1532 ...---—-—---——-—·-··

68 1649 136 1721 No.
151 1641 265 1716 2946.

76 1741 252 1776 w

368 1797 453 1920 (G.
474 1797 742 1913 Spoletina.)

140 1967 287 2038 †Erso
321 1949 913 2024 .tneod.1)md.seein.ntto.p.tb.
938 1950 1021 2024 epi.
1052 1969 1069 2008 s

171 1979 332 2092 Gendoffio
347 2031 488 2103 dueripta.
621 2089 624 2094 ,

277 2153 859 2266 (GeorgioSpalat·ino)')
966 2176 970 2194 ·

68 2291 119 2382 S·
138 2307 186 2384 D.
235 2303 354 2376 Huius
366 2303 439 2373 diei
456 2288 799 2394 disputationeffl)
814 2293 881 2368 tibi
896 2292 1012 2373 mitto,
1035 2303 1070 2363 et

68 2411 232 2505 Lipsicas
253 2407 390 2501 aliquot
419 2402 591 2496 pagellas,
623 2422 775 2494 quarum
798 2395 987 2468 lectionem
1010 2392 1070 2464 iu·

70 2513 282 2588 condiorem
300 2507 365 2579 tibi
385 2530 486 2598 spero
503 2507 599 2590 iore,
622 2525 729 2597 quam
744 2499 892 2571 fabellas
914 2499 959 2568 de
981 2518 1070 2567 con-

71 2630 186 2688 centu
210 2609 388 2704 Spirensi,
415 2631 506 2702 qnae
529 2629 613 2678 sane
635 2602 769 2674 multae
791 2600 922 2693 passim
945 2599 1068 2670 lerun-

71 2739 144 2794 tnr.
195 2713 267 2786 Sed
286 2713 325 2782 in
345 2705 401 2795 bis
417 2705 485 2780 boc
498 2721 550 2779 est
562 2705 713 2777 maxime
728 2703 876 2795 dignum
891 2723 1070 2772 memora-

73 2839 129 2896 tu:
157 2815 285 2890 Mense
301 2808 455 2884 Octobri
475 2832 598 2882 rursus
620 2808 799 2897 cogendus
821 2804 890 2876 erit
911 2825 1069 2874 conven-

78 2941 148 3010 tus,
174 2920 213 2989 in
229 2941 300 3012 quo
316 2927 378 2986 aut
401 2913 602 2984 conciliatio
630 2911 835 3000 dogruatum
858 2904 1070 3001 perficietur,

76 3041 136 3098 aut
159 3022 352 3114 imperator
371 3016 447 3108 ipse
462 3010 765 3108 pronunciatums
788 3021 857 3094 est,
881 3007 967 3103 qui'd
987 3029 1070 3077 scn-

75 3131 144 3202 tire
167 3121 367 3194 Germanos
389 3116 486 3190 velit.
541 3113 684 3186 Novum
710 3109 912 3202 exemplum
934 3107 1071 3179 diiudi-

75 3225 226 3306 cationis
240 3213 561 3294 controversiarum
578 3212 902 3287 ecclesiasticarum.
946 3206 1068 3281 Audio

74 3317 298 3406 monachum
315 3345 388 3392 esse
410 3319 504 3411 apud
527 3319 776 3412 imperatorem
791 3311 1069 3384 Franciscanum

75 3436 263 3509 indoctum
277 3441 313 3498 et
327 3421 524 3506 furiosum,
546 3421 609 3514 qui
630 3416 794 3490 assiduus
808 3414 976 3486 incitator
996 3433 1070 3482 esse

77 3535 230 3616 dicitur,
252 3542 294 3600 ut
317 3527 510 3616 imperator
531 3523 645 3592 deleat
657 3511 882 3600 Luthcranas
899 3512 1071 3588 ecclesias.

77 3637 155 3712 Sed
170 3657 268 3724 spem
277 3627 394 3700 Deum
410 3625 639 3696 defensurum
655 3643 729 3692 esse
744 3630 883 3689 nostras
898 3614 1072 3688 ecclesias.

74 3739 177 3812 Bene
194 3735 270 3802 vale
287 3743 322 3801 ct
345 3726 510 3802 rescribe.
560 3722 740 3796 Postridie
754 3719 927 3812 gloriosae
950 3740 1073 3789 ascen-

74 3839 190 3914 sionis
205 3830 339 3908 Christi
358 3825 469 3903 1544.

773 3916 842 3997 Pb.
867 3919 958 3994 Mel.

904 1643 963 1706 28.
980 1633 1066 1700 Mati.

915 1732 1053 1762 M

74 4129 1068 4170 W

75 4273 272 4407 Q.
913 4255 974 4334 st.
987 4260 1074 4332 tras

932 4353 1064 4383 Μ

355 4449 505 4538 lauch.
540 4443 798 4535 damnaria

144 4633 233 4710 Epist.
245 4629 278 4688 ad
295 4627 434 4687 Gentem.
449 4643 478 4700 p.
491 4621 543 4678 466
558 4639 601 4696 sq.
619 4619 674 4690 (ed.
686 4617 776 4678 lond.
791 4615 842 4674 tv,
860 4632 904 4689 sp.
915 4611 1001 4685 Μ.)

72 4809 289 4838 unu-'⁸¹‘

107 4937 140 5006 η
160 4931 242 5014 carpe
251 4923 365 5010 'quidem
378 4889 556 4998 apogr-apion
571 4911 763 4995 inseriptions,
777 4908 824 4964 sed
837 4905 936 4992 legitor
950 4903 1018 5026 baele
1029 4921 1074 4988 ep:

147 4999 236 5084 ''⁵³¹¹'‘
251 5003 323 5050 ''¹⁸“
336 5009 397 5112 ‘'i‘'
416 4979 957 5108 ⁵⁹⁸l⁸¹'i⁰v⁸i·''lii't..¹ili⁰isilf“¹.
978 4993 994 5096 i
1006 4983 1074 5096 tt:

144 5067 293 5192 qpsstppppq
312 5061 553 5202 :iudiciariam
565 5118 638 5194 apud
651 5119 847 5190 imperatorem
865 5080 924 5167 sss'e
936 5109 1071 5165 furiosum

146 5219 174 5264 et
186 5205 329 5260 indoctam
343 5192 509 5250 ωοωώιιω
521 5188 752 5246 franciscorum,
769 5181 909 5238 assidam
928 5179 992 5234 ins'
1011 5187 1071 5233 sto·

146 5293 208 5331 rem
226 5270 260 5326 ad
280 5264 409 5323 delendas
425 5259 560 5316 Ecclesiae
578 5251 777 5310 boumn*
795 5279 831 5324 ·.·
864 5249 939 5306 llaec
961 5266 991 5304 ea
1052 5243 1071 5301 Ι.

145 5340 261 5418 epistola
273 5355 332 5392 esse
343 5329 458 5405 repetita
469 5327 584 5400 numne
598 5323 684 5384 videt.
775 5401 784 5418 .
802 5401 820 5418 ..
949 5396 957 5414 ·
998 5398 1006 5414 ·
1046 5397 1054 5414 ι

107 5429 161 5500 *ἢ
179 5423 296 5478 Videtur
315 5435 374 5474 sees
391 5411 539 5486 dispntatio
550 5405 688 5464 tamn
701 5403 822 5462 Fabrtnt
839 5411 868 5458 st
881 5398 1007 5456 Stantalnt
1022 5397 1071 5455 lat·

145 5491 250 5553 urant
285 5485 463 5556 vinosum
478 5477 555 5554 publ.
567 5476 602 5534 T.
616 5476 639 5534 l.
650 5493 681 5550 p.
690 5472 760 5533 tta,

642 297 1084 398 KPISTOLARUM
1133 299 1243 382 utu.
1274 299 1340 380 IX.
1393 299 1532 378 1544.

2035 299 2114 378 898

1127 466 1353 547 Clarissimo
1392 472 1471 544 viro
1512 468 1714 545 eruditione
1754 482 1787 546 st
1821 472 1952 546 virtute
1981 495 2094 572 proe-

1137 576 1258 649 stonti
1280 569 1528 646 Ioacdimo
1554 565 1832 649 Camerario
1857 571 2087 671 Pobsrgensi

1499 701 1620 749 omaso
1638 701 1725 763 suo,

1671 819 1822 930 Caspai·
1833 833 1952 910 statim
1966 857 1986 904 e
1999 856 2107 908 curru

1115 931 1331 1002 descendens
1355 932 1543 1024 epistolam
1565 950 1684 1022 tuam,
1710 936 1852 1028 plenam
1868 935 2010 1028 pietatis
2023 957 2109 1024 erga

1115 1031 1251 1118 Deunn
1276 1047 1310 1104 et
1330 1035 1461 1105 amoris
1479 1060 1561 1128 erga
1581 1061 1649 1110 me.
1699 1033 1778 1108 Etsi
1792 1052 1909 1109 autem
1925 1061 2001 1108 uon
2016 1033 2109 1106 nibil

1108 1133 1273 1227 tancmari
1299 1157 1357 1205 me
1380 1137 1560 1228 intelligo,
1593 1141 1690 1232 qnod
1710 1140 1834 1210 videar
1863 1139 2111 1230 indulgentior

1119 1239 1157 1306 in
1172 1259 1289 1322 meos,
1314 1240 1410 1330 quod
1425 1240 1521 1309 idem
1538 1236 1626 1309 mihi
1642 1235 1662 1311 ὁ
1678 1236 1783 1322 ἲξίων
1797 1241 1927 1312 obiecit
1948 1253 2029 1312 ante
2054 1241 2113 1310 bi-

1119 1341 1249 1424 duum,
1280 1341 1449 1409 tamensi
1474 1342 1541 1412 tibi
1563 1355 1597 1412 et
1619 1356 1747 1413 natura
1769 1343 1869 1414 illius
1883 1344 2045 1436 penitus,
2070 1355 2112 1414 ut

1119 1436 1211 1511 mihi
1227 1451 1312 1510 nota
1329 1455 1438 1527 esset,
1463 1455 1497 1512 et
1510 1439 1579 1512 boe
1593 1445 1780 1534 negocium
1796 1445 2030 1540 inquisitum,
2051 1468 2113 1516 ve·

1120 1542 1220 1612 uiam
1241 1544 1344 1613 dares
1366 1567 1446 1614 meo
1470 1545 1598 1618 dolori.
1649 1543 1699 1616 Et
1719 1561 1838 1619 nmen
1859 1543 2034 1620 boetem
2054 1571 2115 1618 or-

1122 1645 1207 1714 dine
1228 1644 1297 1714 feei
1319 1645 1452 1719 omnia.
1503 1643 1558 1718 Ac
1576 1647 1699 1718 iecisse
1712 1651 1882 1740 poenitet.
1932 1648 2040 1720 Facta
2063 1661 2115 1720 est

1122 1759 1204 1816 ante
1227 1746 1303 1817 eius
1324 1746 1392 1816 iter
1412 1748 1671 1834 reconciliatio,
1696 1751 1785 1822 dixit
1808 1751 1883 1842 ipse
1902 1744 2115 1846 ἀμνηστίαν

1121 1849 1209 1922 sore.
1260 1845 1387 1918 Postea
1410 1851 1550 1920 rediens
1575 1873 1594 1920 e
1617 1849 1737 1942 Lipsia
1760 1853 1873 1926 mittit
1901 1853 2115 1924 commenti-

1122 1949 1213 2019 ciam
1234 1948 1420 2040 epistolam
1442 1953 1609 2043 scriptam
1625 1954 1862 2025 nesciocuius
1884 1955 2119 2026 adolescentis

1122 2050 1302 2123 nomine..
1330 2048 1470 2122 Deinde
1494 2077 1575 2123 cum
1598 2055 1799 2128 advenisset
1822 2057 1995 2148 postridie
2008 2081 2116 2147 eapo-

1122 2153 1246 2233 stulat‚
1272 2151 1322 2224 ait
1335 2152 1426 2222 clam
1440 2154 1576 2226 litteras
1592 2169 1627 2227 et
1641 2157 1734 2228 dona
1752 2173 1891 2252 accepta
1906 2183 1991 2236 esse.
2043 2157 2117 2230 Ta-

1123 2256 1218 2326 libus
1247 2253 1341 2324 ludit
1363 2255 1546 2346 po'e'matis.
1604 2255 1695 2326 Heri
1717 2259 1900 2331 discedens
1927 2285 1986 2332 me
2006 2260 2118 2332 anina

1123 2357 1216 2427 ciose
1230 2355 1411 2438 adoritur,
1436 2379 1474 2426 se
1488 2358 1605 2444 abire,
1630 2358 1661 2428 si
1678 2361 1803 2445 velim,
1824 2362 1934 2432 filiam
1950 2363 2044 2432 mitti
2059 2363 2118 2434 iu·

1123 2458 1182 2528 bet
1201 2469 1281 2548 post
1304 2457 1442 2552 aliquot
1462 2459 1550 2534 dies.
1603 2457 1674 2532 Ubi
1697 2457 1783 2532 baec
1802 2463 2028 2534 didicerunt?
2053 2465 2116 2558 qui

1122 2583 1187 2630 nec
1209 2555 1422 2630 Dialecticos
1447 2574 1601 2646 norunt,
1633 2585 1700 2632 nec
1719 2565 1900 2655 captiones
1922 2565 2120 2638 causidico·

1121 2659 1229 2733 ruml
1263 2659 1419 2750 cogitant
1451 2663 1661 2734 alterutrum
1690 2665 1787 2748 iore,
1819 2679 1860 2737 ut
1880 2666 1945 2736 illa
1967 2679 2030 2738 aot
2050 2668 2119 2738 ob·

1122 2777 1222 2834 trusa
1243 2761 1402 2850 dicatur,
1430 2777 1493 2836 ant
1513 2764 1551 2834 vi
1571 2777 1721 2840 retenta
1766 2757 1943 2839 'Petimur
1963 2768 2120 2854 insidiis,
2184 2763 2190 2788 “

1122 2888 1314 2936 oneramur
1335 2865 1488 2956 probris.
1538 2863 1666 2936 Nullas
1689 2867 1842 2955 litteras,
1873 2869 2011 2942 nullam
2034 2871 2121 2942 reli-

1122 2966 1238 3058 gionis
1270 2979 1332 3037 aut
1351 2967 1495 3038 virtutis
1524 2967 1724 3040 doctrinam
1753 2969 1847 3041 istud
1880 2993 1991 3062 genus
2014 2987 2120 3047 amat·

1122 3065 1171 3140 Et
1184 3081 1225 3140 tu
1240 3062 1331 3140 mihi
1347 3081 1531 3161 tantopere
1543 3069 1735 3162 praedicas.
1787 3070 1870 3142 Viri
1886 3069 2055 3146 hactenus
2071 3075 2120 3144 si·

1123 3193 1169 3241 ne
1198 3169 1382 3241 dedecore.
1440 3169 1481 3242 Si
1501 3165 1570 3242 hoe
1593 3173 1747 3242 dedecus
1776 3175 1822 3244 ab
1846 3175 1924 3244 istis
1945 3175 2120 3260 oblatum,

1122 3265 1216 3342 mibi
1239 3271 1466 3341 subeundum
1491 3271 1577 3358 erit,
1609 3273 1745 3359 ieram,
1774 3276 1925 3346 memini
1944 3277 2041 3346 enim
2061 3301 2121 3346 me

1122 3371 1200 3444 Deo
1215 3395 1349 3464 poenas
1362 3372 1493 3442 debere
1516 3373 1713 3444 multorum
1737 3376 1915 3467 lapsuum.
1963 3373 2011 3450 Et
2035 3403 2121 3449 cau-

1123 3496 1179 3546 sas
1190 3472 1388 3559 considero,
1403 3486 1437 3544 et
1443 3469 1621 3572 Ecclesiae
1636 3477 1798 3567 exempla·
1810 3477 1921 3548 mults
1930 3473 2019 3548 mihi
2035 3503 2120 3572 pro-

1124 3598 1233 3670 pono.
1295 3571 1369 3645 Nee
1389 3587 1509 3646 tamen
1533 3574 1691 3646 desinam
1715 3601 1818 3649 orare
1837 3575 1973 3666 Deum,
2005 3595 2046 3652 ut
2063 3605 2122 3652 me

1124 3676 1236 3762 iuvet,
1262 3689 1297 3748 et
1314 3677 1504 3768 expectabo
1518 3677 1777 3754 liberationem.
1815 3677 1871 3750 Te
1882 3705 2025 3776 qnoque
2042 3708 2121 3768 oro,

1124 3792 1166 3852 ut
1179 3778 1384 3850 memineris
1398 3801 1541 3850 versum
1557 3779 1680 3866 amici,
1704 3783 1750 3851 ad
1768 3782 1921 3854 amicum
1937 3785 2122 3856 calamito-

1126 3905 1224 3953 sum:
1249 3875 1372 3962 οὐδεὶς
1394 3873 1570 3978 ἀλάστωρ
1590 3881 1669 3963 τοῖς
1682 3877 1805 3978 φίλοις
1824 3882 1866 3956 ἐκ
1885 3888 1963 3958 τῶν
1984 3881 2121 3982 φίλων,

1126 4007 1174 4054 ne
1195 3995 1342 4076 propter
1364 3983 1459 4054 ullos
1481 4006 1503 4054 a
1525 4005 1583 4052 me
1602 3983 1788 4054 animosis
1807 3979 2002 4072 alieniore,
2027 4011 2119 4082 quo·

1127 4108 1270 4180 cunque
1291 4107 1347 4156 res
1369 4085 1491 4170 cada,
1522 4082 1588 4155 etsi
1609 4079 1727 4158 adbuc
1746 4087 1893 4180 mudena
1911 4089 2033 4159 omnis
2052 4089 2121 4162 ieci

1126 4185 1364 4271 moderatius,
1406 4207 1514 4280 quarn
1542 4184 1670 4256 vellem
1704 4187 1852 4263 lictum
1917 4187 2121 4262 lnsomnem

1127 4287 1183 4378 egi
1196 4299 1307 4360 totam
1323 4281 1415 4358 banc
1429 4301 1570 4360 noctem
1585 4311 1774 4381 oppresms
1792 4289 2042 4382 magrtitudine
2054 4295 2121 4364 do-

1020 4407 1030 4418 *
1127 4387 1225 4462 loris.
1273 4385 1327 4458 'l'e
1347 4413 1430 4473 oro,
1451 4403 1493 4460 ut
1510 4386 1588 4460 Deo
1611 4413 1668 4461 me
1689 4391 1760 4483 piis
1775 4392 1868 4463 votis
1883 4397 2122 4468 commendes.

1127 4487 1181 4562 De
1197 4482 1344 4560 Sabino
1364 4491 1431 4562 tibi
1447 4504 1573 4563 contra
1595 4490 1707 4562 animi
1729 4494 1800 4564 mei
1815 4495 2026 4565 sementiam
2041 4519 2120 4564 mo·

1128 4615 1203 4662 rem
1218 4613 1349 4683 geram.
1398 4591 1582 4688 Quicquid
1594 4607 1712 4665 autem
1726 4619 1800 4665 non
1816 4617 1930 4685 egero
1944 4597 2005 4664 sed
2020 4608 2121 4666 actu-

1128 4716 1189 4764 rus
1210 4693 1295 4779 sim,
1319 4692 1504 4766 faciamte
1524 4694 1724 4769 certiorem.
1774 4693 1885 4766 Mitto
1900 4695 1965 4764 tibi
1987 4709 2021 4766 et
2034 4689 2121 4765 Lo-

1127 4793 1265 4866 terensi
1287 4797 1487 4890 exemplum
1511 4795 1764 4888 disputationis
1784 4795 1976 4886 proximae.
2027 4795 2119 4868 Nam

1126 4896 1230 4989 plura
1253 4921 1351 4970 nunc
1373 4922 1450 4970 non
1469 4893 1658 4974 habebam.
1706 4893 1805 4966 Bene
1826 4897 1926 4983 vale,
1949 4897 2006 4967 die
2027 4898 2119 4971 Maii
2228 4895 2240 4918 '
2322 4903 2326 4912 ’
2378 4985 2388 4994 ⁴

1125 4994 1284 5074 xxlttt.

1740 5151 1874 5253 Philip.
1893 5157 2070 5238 Melantb.
