4776 6260
21 344 99 420 557

20 515 93 589 No.
109 511 225 590 8008.

20 609 199 640 Μ

828 507 905 599 (¹³⁰⁰
920 517 1025 599 mo.)

850 607 1021 640 Μ

376 710 443 794 Io.
479 667 680 823 Stigelio.

102 877 193 930 Danz.
212 892 254 946 ep.
267 871 309 929 ld.
334 871 403 928 cod.
420 871 687 946 Gott.18aep.,76.

25 1030 256 1110 Clarissimo
271 1030 367 1116 viro,
394 1024 598 1100 eruditione
613 1035 644 1098 et
661 1026 790 1118 virtute
803 1025 1023 1124 praestanti,

28 1129 522 1226 1).IonnniStigelio,
543 1133 598 1226 τῷ
615 1131 715 1225 θεῷ,
738 1127 1025 1211 καὶταῖςΜσῠ-

333 1253 415 1314 onte
428 1228 542 1329 κᾳμοὶ
559 1226 728 1328 φιλτάτῳ

30 1359 74 1448 S.
100 1373 149 1449 D.
198 1367 317 1442 Hodie
338 1389 475 1436 mecum
499 1364 638 1438 locutus
663 1377 715 1434 est
740 1359 876 1436 Rector
897 1363 942 1433 de
962 1375 1024 1434 tna

28 1476 200 1571 pecunia,
221 1485 255 1543 et
272 1468 428 1554 ostendi,
453 1467 550 1536 unde
570 1466 662 1536 sumi
681 1466 810 1558 possit,
834 1488 962 1557 nempe
983 1488 1025 1535 ex

26 1577 220 1652 locationis
252 1570 414 1664 pecunia.
472 1565 556 1638 lndi
585 1569 713 1652 sumsi,
752 1580 787 1639 et
819 1567 921 1637 mitto
955 1567 1023 1636 tibi

27 1675 266 1752 luat-himicos
282 1663 459 1742 undecim.
491 1667 564 1740 Nec
579 1670 735 1760 disputes
750 1691 789 1738 ea
804 1669 849 1737 de
865 1692 902 1736 re
919 1663 1025 1762 ἀκρι-

26 1783 226 1880 [remmom
253 1776 301 1844 sis
314 1785 501 1842 contentus
518 1771 606 1840 meis
620 1771 660 1838 in
675 1771 804 1842 talibus
817 1768 923 1839 rebus
937 1789 1025 1839 con-

28 1887 134 1956 siliis.
184 1877 267 1952 Scio
289 1875 451 1944 omnium
473 1871 513 1940 in
538 1885 656 1942 nostra
682 1871 938 1962 gubernatione
959 1895 1026 1939 vo-

28 1989 187 2058 luntates
210 1979 277 2050 tibi
299 1973 526 2070 aequissimas
549 1971 635 2043 ess'e.
693 1972 765 2043 Sed
786 1972 1025 2076 tempora-vi-

29 2093 115 2172 des,
149 2101 239 2176 quae
260 2093 300 2150 ut
320 2101 442 2170 spero,
476 2074 583 2167 paulo
609 2087 689 2166 post
718 2088 822 2144 erunt
845 2073 1024 2167 tranquil·-

27 2193 126 2262 liora
147 2203 180 2259 et
201 2183 366 2266 laetiora,
399 2176 536 2249 etiamsi
569 2199 691 2246 omnes
718 2175 854 2248 indocti
881 2188 917 2246 et
940 2175 1025 2244 vani

28 2292 169 2382 ubique
187 2307 295 2355 novas
318 2303 395 2372 spes
408 2274 559 2363 habent,
582 2291 638 2363 et,
663 2289 704 2347 nl
725 2290 869 2370 putant,
893 2289 1026 2346 canunt

28 2385 206 2466 tuentem.
254 2383 308 2454 De
324 2381 482 2470 coniugis
499 2377 816 2463 commotiuncula,
839 2378 964 2464 unum,
985 2390 1026 2450 ut

29 2515 160 2585 spero,
185 2487 378 2556 suaviolum
397 2481 534 2551 satiabit
548 2480 687 2565 omnia,
713 2494 749 2551 et
764 2493 803 2550 ut
822 2492 939 2566 sanet,
964 2505 1026 2549 cu.

28 2617 103 2666 res.
154 2588 208 2659 De
224 2579 423 2683 Sedebpero
446 2605 584 2664 corani,
611 2581 695 2674 quia
720 2605 817 2652 nunc
833 2583 875 2650 de
893 2581 1027 2674 stipen-

30 2695 106 2768 diis
124 2692 194 2760 illis
210 2689 330 2760 nullae
349 2698 432 2757 sunt
447 2683 732 2756 deliberationes.
782 2681 880 2766 Bene
895 2683 972 2754 vale
992 2697 1027 2754 et

31 2793 171 2888 vesperi
188 2793 233 2862 ad
252 2815 317 2860 nos
333 2791 378 2860 ad
392 2809 539 2858 coenam
552 2786 685 2855 venito.
973 2785 977 2794 '

536 2913 728 3011 Philippus
750 2913 978 2995 Melanthos.

914 3316 946 3378 b.
968 3337 996 3377 a.

859 3403 1030 3434 ΜΞ

32 3323 103 3396 No.
121 3315 233 3393 ³099.

39 3411 214 3448 Μ
293 3440 296 3450 ,

440 3509 608 3594 Eidem.

124 3681 214 3740 Dana.
226 3693 268 3750 ep.
282 3672 324 3728 1⁴.
347 3669 418 3728 cot.
433 3667 519 3725 Goth.
533 3668 591 3725 188.
604 3685 649 3740 ep.
660 3667 705 3724 71.

49 3825 276 3908 Clarissimo
303 3822 401 3909 viro,
434 3815 465 3890 Ι
470 3817 616 3890 oonni
640 3811 867 3914 Stigelio,
898 3815 1018 3889 omico

501 3943 588 4008 suo,

40 4051 85 4142 S.
109 4066 155 4138 D.
206 4061 302 4134 Boni
318 4054 448 4131 omissis
460 4055 540 4126 loco
556 4055 728 4126 ducebam
743 4047 833 4133 heri,
860 4055 955 4147 qnod
971 4053 1031 4122 in.

44 4191 160 4258 gresso
180 4161 271 4236 mihi
294 4163 332 4232 in
348 4158 521 4252 oppidum
535 4179 617 4226 mox
632 4155 671 4225 in
683 4159 763 4226 foro
780 4154 956 4248 quispiam
970 4179 1031 4225 ex-

45 4265 164 4340 hibuit
182 4269 259 4340 illos
282 4262 503 4353 Angelorum
533 4259 675 4349 piorum
697 4254 872 4350 Hymnus.
921 4255 1031 4326 Dele-

40 4386 153 4444 ctatus
165 4394 241 4440 sum
258 4383 319 4438 tuo
337 4363 510 4444 carmine,
535 4359 575 4431 in
593 4383 664 4453 quo
680 4359 777 4427 velut
793 4357 884 4425 vivis
897 4358 1030 4428 colori..

37 4477 107 4548 bus
128 4467 337 4544 illuminasti
358 4462 569 4534 sententiam
596 4486 616 4530 a
639 4484 697 4529 me
710 4458 874 4528 extremis
889 4471 1028 4530 tantum

35 4576 142 4648 lineis
162 4571 390 4662 designatam.
442 4560 551 4634 Venit
565 4556 658 4632 mihi
683 4561 720 4630 in
743 4575 897 4632 mentem
910 4557 1030 4658 picto-

33 4677 90 4748 ris
114 4669 262 4757 Lusor,
291 4669 348 4740 cui
378 4666 558 4736 interdum
586 4662 836 4755 praeformatas
857 4662 1029 4754 imagines

33 4781 176 4852 tradere
202 4773 358 4844 solebam
389 4769 426 4837 in
450 4763 591 4839 Bibliis.
642 4761 716 4834 Nec
735 4763 877 4848 iudico,
908 4788 1028 4835 meum

32 4881 167 4954 Poema
191 4876 263 4948 illis
285 4871 436 4943 rudibus
457 4865 605 4960 picturis
631 4865 720 4935 meis
742 4859 927 4956 pulchrius
942 4889 1030 4941 esse.

30 4983 106 5056 Sed
124 4979 280 5072 gaudeo,
305 4989 340 5044 te
363 4973 460 5042 idern
483 4979 732 5058 argumentum
752 4967 936 5038 venustius
956 4981 1029 5038 tra-

29 5099 159 5158 ctasse.
208 5066 462 5170 Benevste.·)
515 5066 627 5146 1544.

775 5161 977 5260 Philippus.

34 5381 271 5402 ff·-

65 5501 97 5572 ¹3
117 5497 186 5556 cot.
199 5495 283 5555 Gotb.
298 5491 387 5552 addila
403 5491 448 5550 die
459 5491 506 5548 20.
517 5489 593 5565 Sept.

614 333 1052 422 EPISTOIJARU'M
1102 333 1301 420 mmlx.
1347 338 1484 425 sola

1081 511 1147 586 No.
1166 513 1280 588 3100.

1088 607 1258 638 Μ

1947 522 2005 608 (11.
2017 523 2068 607 ··l

1234 711 1335 825 Cpt.
1363 714 1617 829 Meienbnsg
1647 715 1711 801 od
1735 729 1918 830 patrem.

1145 871 1166 940 †
1184 867 1222 924 Er
1238 865 1393 944 apographo
1407 869 1435 925 in
1447 869 1511 932 sod.
1524 871 1639 930 Monac.
1653 876 1696 931 w.
1710 873 1825 934 no.Vll.
1838 897 1865 950 p.
1878 877 1964 934 tosb.
1996 929 1999 939 ,

1076 1020 1254 1143 Epistola
1251 1024 1501 1197 fruereripto
1523 1052 1549 1097 o
1563 1023 1635 1098 Ph.
1650 1026 1710 1105 M.
1725 1025 1903 1128 Chpitoro
1920 1027 2068 1101 Meien·

1077 1123 1248 1222 burgano
1288 1137 1451 1226 patrem,
1476 1123 1764 1240 Misisoelem
1783 1129 2068 1228 Meienburg.

1077 1259 1300 1354 Charissime
1324 1297 1434 1374 peter.
1485 1281 1613 1356 Multis
1637 1285 1850 1358 testimoniis
1872 1287 2069 1358 illustribus

1077 1399 1178 1457 antea
1206 1380 1297 1454 mihi
1329 1387 1490 1474 cognitus
1512 1399 1756 1479 est.paternus
1780 1413 1860 1482 erga
1886 1415 1943 1459 me
1969 1410 2069 1458 amor

1077 1501 1168 1560 titus.
1220 1485 1288 1556 His
1303 1487 1407 1556 etiam
1422 1487 1696 1558 sollicitudinem
1716 1483 1809 1560 hanc
1832 1505 1929 1562 tuam
1946 1492 1989 1560 de
2006 1515 2069 1560 va-

1077 1588 1235 1658 letudine
1253 1613 1328 1690 mea
1345 1587 1572 1678 significatam
1588 1590 1626 1658 in
1639 1590 1810 1684 proximis
1824 1592 1938 1663 literis
1954 1593 2069 1662 adme

1077 1689 1215 1781 scriptis
1238 1713 1453 1776 annumero,
1494 1689 1630 1784 tibique
1657 1691 1740 1762 vera
1762 1691 1891 1788 pietate
1921 1693 2068 1785 gratiam

1077 1787 1210 1876 habeo,
1237 1805 1405 1882 quantam
1429 1791 1548 1860 animo
1566 1795 1750 1884 concipere
1766 1819 1920 1886 possum.
1971 1791 2070 1866 Scias

1078 1908 1206 1972 autem,
1221 1890 1289 1961 Dei
1306 1891 1474 1962 beneficio
1492 1917 1547 1962 me
1562 1893 1632 1962 iam
1648 1909 1739 1966 recte
1757 1897 1891 1981 valere,
1905 1921 1944 1965 ac
1952 1893 2068 1965 Deum

1078 2020 1154 2080 oro,
1180 2008 1222 2063 ut
1235 2007 1270 2063 te
1279 2017 1318 2063 ac
1328 1989 1570 2064 charissimam
1587 2011 1735 2084 matrem
1747 2021 1874 2082 meam,
1900 1998 2070 2067 iratresct

1077 2119 1234 2166 sororem
1251 2107 1285 2163 et
1302 2117 1357 2164 me
1373 2108 1486 2165 servet
1504 2097 1716 2184 incolumes,
1743 2112 1776 2169 et
1793 2121 1989 2168 nosomnes
2006 2120 2071 2188 gu·

1078 2200 1223 2282 bernet,
1246 2211 1288 2266 ut
1304 2197 1413 2266 simus
1430 2219 1562 2288 organa
1581 2194 1842 2270 misericordiae
1860 2200 2039 2272 salutaria.

1178 2395 1233 2468 De
1256 2398 1382 2468 studiis
1407 2397 1494 2468 meis
1517 2392 1585 2469 boc
1605 2400 1784 2492 significo,
1806 2426 1863 2472 me
1886 2401 1955 2472 iam
1974 2425 2072 2470 exer·

1079 2525 1157 2572 cere
1170 2494 1501 2591 Cosmographiam,
1527 2501 1565 2570 in
1581 2526 1649 2596 qua
1666 2505 1773 2572 nudis
1796 2503 2076 2594 computationi-¹

1081 2608 1146 2674 bus
1161 2615 1382 2695 quaeruntur
1403 2601 1588 2692 regionum
1613 2619 1646 2674 et
1670 2603 1882 2696 oppidarnm
1900 2604 2073 2674 interval-

1081 2707 1131 2792 la;
1156 2705 1196 2773 in
1215 2728 1286 2798 quo
1301 2701 1464 2774 exercitio
1481 2704 1622 2774 solertia
1638 2707 1783 2776 mirifica
1800 2707 1972 2776 artificum
1986 2729 2072 2774 con-

1081 2807 1246 2899 spicitur,
1268 2803 1331 2898 qui
1344 2804 1529 2893 regionum
1544 2821 1654 2877 metas
1673 2831 1694 2877 a
1710 2808 1852 2878 circulis
1867 2807 2074 2877 coelestibus

1083 2922 1116 2978 et
1131 2932 1149 2977 a
1167 2907 1250 2998 polo
1265 2906 1395 2977 arctico
1410 2923 1647 2998 sumpserunt.
1681 2907 1849 2999 Adiungo
1863 2923 1982 2978 nartem
2003 2907 2075 2976 ele-

1083 3023 1200 3080 menta
1223 3007 1408 3078 doctrinae
1427 3003 1606 3097 Sphaerae
1636 3010 1755 3080 etalio
1776 3011 1893 3081 studia
1914 3006 2076 3102 philoso-

1085 3107 1187 3206 phiae
1211 3123 1244 3178 et
1270 3109 1450 3178 doctrinae
1473 3107 1671 3201 Evangelii.
1728 3108 1891 3204 Cumque
1913 3125 2009 3181 tanta
2030 3113 2075 3182 sit

1084 3211 1299 3304 reipublicae
1315 3211 1545 3300 perturbatio,
1571 3213 1731 3282 existimo
1747 3237 1844 3282 nunc
1858 3213 2000 3305 quidem
2019 3238 2076 3281 re-

1084 3314 1173 3386 ctius
1189 3333 1283 3395 esse,
1308 3324 1343 3380 et
1363 3313 1408 3378 ad
1427 3311 1593 3382 virtutem
1614 3313 1755 3392 utilius,
1781 3313 1914 3384 versari
1935 3315 1974 3381 in
2000 3329 2075 3384 stu-

1084 3415 1153 3484 diis
1175 3424 1210 3482 et
1232 3412 1325 3482 inter
1342 3411 1562 3482 doctissimos
1577 3438 1683 3507 quam
1699 3413 1787 3484 alibi
1803 3416 1896 3484 inter
1910 3408 2075 3485 homines

1084 3508 1289 3610 prophanus
1305 3525 1340 3583 et
1356 3512 1530 3591 indoctos.
1985 3505 1991 3520 '

1184 3711 1240 3806 De
1260 3713 1434 3786 sodalitiis
1458 3718 1554 3810 quod
1579 3741 1720 3803 mones,
1752 3741 1902 3810 agnosco
1918 3717 2076 3788 animum

1084 3833 1185 3889 tunm
1208 3829 1415 3909 paternum,
1441 3831 1476 3890 et
1498 3819 1583 3903 tibi,
1607 3833 1649 3890 ut
1670 3821 1788 3905 decet,
1813 3821 2075 3913 obtemperabo.

1083 3919 1229 3994 Retinet
1244 3933 1362 3990 autern
1382 3932 1417 3988 et
1430 3944 1487 3989 me
1502 3921 1690 3991 assiduitas
1704 3923 1922 4009 studiorum,
1947 3947 1991 3992 ne
2013 3945 2076 3990 va-

1083 4023 1159 4112 gari
1180 4032 1242 4093 aut
1261 4043 1428 4113 quaerere
1451 4021 1569 4094 ociosa
1590 4022 1754 4097 sodalitia
1778 4024 1920 4114 possim.
1969 4021 2019 4094 Et
2037 4023 2075 4090 in

1083 4119 1148 4194 hac
1172 4121 1347 4193 moestitia
1367 4133 1567 4214 temporum
1590 4116 1683 4191 nihil
1705 4123 1845 4194 dulcius
1860 4138 1911 4194 est
1932 4127 2006 4218 ipsa
2019 4147 2077 4194 sa·

1082 4225 1237 4317 pientiae
1260 4223 1403 4292 divinae
1424 4224 1727 4308 consideratione,
1751 4249 1842 4318 quae
1866 4226 1905 4296 in
1927 4250 2076 4314 evange-

1083 4326 1133 4396 lio
1157 4339 1191 4396 et
1211 4325 1250 4394 in
1276 4319 1502 4416 philosophia
1528 4321 1754 4418 proponitur.
1806 4325 1888 4396 Alia
1910 4327 2075 4398 sodalitia

1082 4427 1215 4497 leviora
1241 4437 1346 4507 suut,
1375 4439 1415 4495 ut
1438 4427 1495 4497 vix
1514 4425 1581 4496 ulli
1601 4451 1697 4496 nnnc
1713 4449 1921 4516 congressus
1943 4430 2074 4498 sodali-

1082 4529 1212 4599 tiorum
1228 4526 1300 4596 sint
1314 4527 1390 4596 sine
1408 4527 1585 4618 periculis.
1635 4529 1747 4620 Saepe
1773 4529 1882 4618 igitur
1907 4525 1973 4600 bos
1995 4555 2075 4599 ser-

1080 4653 1139 4701 sus
1153 4623 1244 4698 mibi
1259 4627 1334 4719 ipse
1349 4628 1475 4702 recites

1165 4777 1252 4842 Nulli
1274 4776 1374 4840 lanios
1397 4785 1428 4838 te
1449 4775 1577 4840 nimium
1599 4777 1751 4860 sodalem,

1163 4861 1321 4927 Gaudebis
1340 4861 1443 4927 asinos
1463 4875 1492 4926 et
1512 4863 1612 4928 atinus
1634 4863 1762 4929 dolebis.

1081 4996 1144 5069 Me
1167 5010 1286 5070 tamen
1306 4999 1412 5072 etiarn
1434 4998 1632 5074 admonitio
1651 5014 1711 5074 tua
1734 4999 1939 5092 gravissima
1962 4999 2075 5092 magis

1081 5100 1260 5188 movebit,
1284 5111 1324 5173 nt
1346 5100 1385 5170 in
1406 5101 1542 5173 delectu
1558 5115 1592 5176 et
1607 5127 1795 5194 congressu
1810 5101 1985 5174 sodalium
2005 5103 2074 5173 sim

1081 5203 1315 5276 cunctantior.
1365 5199 1464 5274 Bene
1478 5203 1568 5280 vale.
