4776 6260
63 341 135 414 rts
627 319 1065 404 nets'rOLAtttJM
1120 317 1228 397 LlB.
1265 317 1330 398 tx,
1381 314 1517 397 1545.
2023 307 2097 380 714

68 510 214 594 obtulit,
241 520 274 579 et
296 531 367 600 quo
389 518 470 575 ante
496 525 609 574 annos
629 471 729 574 550²!
754 492 871 571 Adam
897 510 933 580 et
952 491 1069 566 Hera·
1103 513 1183 560 mus
1208 489 1405 575 illucescet,
1437 489 1477 558 in
1500 513 1570 583 quo
1585 485 1698 558 Filius
1714 481 1782 556 Dei
1806 481 1966 568 universi
1986 503 2093 571 gene-

69 612 204 682 couditi
219 633 291 680 esse
307 609 522 679 scribuntur.
1103 593 1152 660 ris
1177 587 1327 662 humani
1354 591 1466 661 oculis
1488 615 1561 660 sese
1586 590 1765 668 ostendet,
1806 599 1840 655 et
1853 609 1952 654 stram
1967 579 2094 652 Eccle-

219 711 344 782 Pastor
363 705 541 778 Ecclesiae
565 703 633 776 Dei
662 705 701 774 in
723 701 855 794 oppido
879 696 1053 771 Saxoniae
1103 694 1191 762 siam
1211 693 1353 763 coelesti
1374 693 1485 781 gloria
1508 692 1662 764 ornabit.
1713 687 1862 760 luterim
1882 685 2005 756 fatales
2023 683 2093 752 cir·
2152 723 2156 734 ·

218 809 452 900 Witeberga,
483 821 517 878 et
541 807 669 879 caeteri
687 803 842 876 ministri
867 797 1053 890 Evangelii
1104 793 1258 889 cuitus¹)
1283 819 1403 864 rerum
1428 795 1584 862 modeste
1605 793 1776 874 feramus,
1810 785 1971 858 etaDeo
1992 783 2093 854 miti-

215 915 390 983 incudem
405 907 562 980 Ecclesia
1103 897 1279 984 gationem
1297 895 1533 966 calamitatum
1549 909 1719 986 petamus.
1765 885 1931 982 Optarim
1945 885 2091 980 quidem

273 1009 449 1084 lobannes
466 1005 716 1102 Bugenhagius
733 1028 945 1103 pomeranos
958 1000 1003 1078 1).
1104 997 1235 1089 suscipi
1258 1021 1277 1066 a
1303 994 1531 1089 Principibus
1555 994 1690 1086 patriae
1721 989 1981 1074 defensionem,
2027 1009 2094 1056 uae

245 1159 262 1220 ¹
282 1125 420 1216 Tium
438 1150 472 1216 4·
531 1123 534 1128 ’
1104 1123 1183 1168 raro
1199 1122 1436 1170 commemoro
1453 1098 1614 1167 omnium
1629 1109 1781 1166 aetatum
1796 1091 1963 1184 exempla.
1989 1083 2094 1158 Olim

169 1251 303 1320 Ascende
328 1255 475 1330 lectioni,
502 1247 706 1310 adhortationi
731 1261 761 1310 et
789 1248 950 1309 doetrinae.
1007 1239 1054 1305 Ns
1104 1202 1143 1270 in
1170 1194 1263 1270 hanc
1293 1201 1406 1319 ipffam
1428 1197 1655 1268 P³¹¹¹¹⁰¹¹i³m
1683 1196 1782 1266 venit
1810 1192 1965 1276 ΗΜΘΝ
2005 1190 2091 1320 ind?

167 1361 301 1440 ³²8¹&ss
323 1357 454 1432 donum,
481 1351 565 1434 quod
586 1354 619 1411 in
639 1363 669 1411 te
688 1362 752 1428 m,
779 1349 860 1432 quod
885 1349 988 1408 dmm
1011 1357 1055 1406 m
1104 1325 1215 1420 usque
1230 1325 1270 1420 ex
1285 1301 1380 1385 Asca,
1400 1316 1442 1370 ut
1456 1295 1584 1370 Rheso
1600 1323 1703 1392 opem
1717 1299 1840 1382 ferret;
1867 1293 1941 1366 Nos
1957 1315 2052 1361 nuuc
2076 1287 2092 1384 )

165 1463 290 1542 agap„
310 1458 587 1540 pmphgggmm
602 1455 798 1535 impostum
821 1469 1055 1512 mmm,
1105 1429 1145 1472 ex
1176 1405 1306 1474 vrcrnia
1337 1403 1447 1472 ociosi
1475 1401 1698 1472 Pannonicas
1735 1399 1857 1470 caedes
1887 1407 2094 1487 spectamus,

166 1574 215 1624 tu,
230 1565 393 1624 seniorum.
1105 1529 1184 1574 cum
1201 1507 1331 1598 quibus
1347 1518 1399 1574 tot
1413 1503 1583 1590 vinculis,
1607 1502 1770 1574 societate
1784 1497 1985 1588 religionis,
2010 1517 2094 1564 sau-

259 1659 262 1672 ’
358 1653 399 1725 L·
423 1653 478 1752 S.)
689 1646 749 1746 (L.
776 1644 832 1742 S.)
914 1625 920 1634 ·
1104 1606 1223 1693 grriuis
1237 1620 1271 1677 et
1285 1606 1426 1696 imperii
1443 1606 1625 1676 coniuncti
1639 1627 1771 1676 snmus.
1812 1599 1884 1672 sed
1900 1600 1974 1667 sive
1988 1619 2093 1688 prae·

1104 1706 1288 1776 liabuutur
1313 1708 1427 1777 nostri
1450 1705 1584 1798 Reges,
1617 1707 1690 1775 sive
1715 1702 1920 1782 cessabunt,
1946 1721 2017 1769 nos
2039 1711 2093 1768 to-

1103 1831 1187 1876 men
1215 1809 1345 1878 scimus
1368 1806 1564 1878 Ecclesiam
1585 1806 1653 1877 Dei
1674 1829 1877 1877 mansuram
1901 1825 1975 1886 esse
1995 1800 2092 1891 apud

1105 1932 1182 1988 eos,
1221 1909 1283 2002 qui
1306 1909 1489 1979 doctrinae
1512 1909 1671 1980 coelestis
1694 1909 1809 1978 studia
1831 1906 1971 1987 colunt,
2008 1901 2091 1971 ubi-

1104 2022 1243 2102 cunque
1266 2024 1381 2083 eruut.
1433 2009 1515 2099 Qua
1538 2035 1598 2102 spe
1621 2011 1775 2080 libenter
1795 1995 1980 2098 complecti
2001 2016 2034 2073 te
2056 2013 2092 2072 at

1103 2112 1195 2182 tueri
1211 2110 1307 2180 viros
1323 2113 1445 2180 doctos
1460 2113 1625 2184 arbitror.
1678 2109 1792 2179 Valde
1812 2108 1921 2198 igitur
1935 2128 2021 2192 oro,
2051 2115 2093 2172 ut

1104 2209 1200 2283 bunc
1214 2207 1497 2305 Sigismundum
1515 2213 1652 2282 audias:
1678 2208 1790 2282 Redit
1806 2211 1843 2279 in
1859 2207 2026 2300 patriam,
2051 2218 2093 2276 ut

1104 2314 1134 2382 si
1156 2314 1284 2404 possit,
1315 2329 1477 2404 parentes
1499 2313 1583 2382 iude
1606 2314 1768 2382 traducat
1789 2311 1828 2378 in
1850 2309 2004 2378 vicinam
2020 2302 2093 2374 Po-

54 2395 262 2522 Q·
875 2391 1045 2515 Q
1103 2414 1255 2498 lonium,
1282 2417 1412 2506 quibus
1435 2410 1628 2506 hospitium
1646 2413 1682 2480 in
1700 2427 1759 2484 tua
1776 2411 1912 2480 ditione
1928 2408 2092 2498 praeberi

443 2577 489 2662 Τ
629 2579 637 2598 .
1102 2515 1358 2610 aliquantisper
1386 2519 1486 2608 petit.
1544 2516 1735 2607 Postquam
1764 2535 1840 2580 uon
1869 2510 2092 2580 defendimus

483 2605 675 2662 ‘'mols''
1101 2615 1346 2703 Pannoniam,
1397 2613 1464 2687 boc
1503 2617 1626 2687 saltem
1668 2614 1824 2684 officium
1862 2624 2093 2702 praestemus,

126 2755 198 2838 Meg
211 2755 308 2812 sm,
323 2755 400 2826 ,ΡΜ
414 2775 443 2829 p.
453 2757 516 2812 299.
549 2755 635 2830 Epg,
650 2753 699 2837 gg,
715 2753 735 2812 Ι,
751 2750 855 2827 gam,
870 2751 948 2820 (gg,
961 2753 1053 2810 Lena.
1102 2714 1295 2811 hospitium
1312 2733 1353 2789 nt
1377 2715 1544 2816 [desertis
1562 2711 1620 2812 et]
1634 2712 1664 2810 ³)
1688 2715 1892 2806 palantibus
1918 2711 2091 2782 conceda-

162 2821 276 2879 ¹¹b·l²
319 2825 400 2892 ¹¹⁷·l·
419 2859 455 2871 -
478 2827 541 2897 Ae⁰
561 2823 1051 2898 rapharneol.Gott.2tt.p.1ot.,
1100 2845 1192 2895 mus.
1257 2816 1424 2892 Eruditio
1456 2810 1695 2913 Sigismuadr‘
1723 2838 1850 2904 magno
1881 2825 2090 2884 ornamento

159 2893 190 2947 in
204 2895 266 2948 cod.
279 2845 391 2947 hienae.
405 2895 448 2949 88.
461 2913 507 2976 rso.
522 2845 570 2948 lP.
583 2913 610 2966 p.
621 2893 700 2965 256„
721 2901 748 2946 et
760 2893 788 2945 in
805 2893 868 2946 cod.
882 2891 993 2948 Monac.
1006 2893 1051 2946 90.
1204 2923 1214 2940 ·
1372 2923 1380 2940 ·
1456 2919 1495 2951 ι.
1733 2919 1743 2936 ·
1942 2915 1951 2931 ·
2077 2913 2089 2930 ·

159 2979 209 3014 no.
224 2962 287 3015 vn,
307 2980 334 3033 p.
350 2961 448 3028 ms„
474 2981 502 3014 ,ῃ
522 2981 577 3032 qu,
598 2961 694 3018 cog„
714 2959 888 3018 lucrabitur:
915 2959 1048 3035 „fg-m,
1100 2934 1231 3015 poterrt
1246 2943 1319 2992 esse
1334 2923 1475 3006 alrcubr,
1496 2916 1668 3016 )srbolae
1680 2919 1885 3009 ubicunque
1901 2929 1981 2985 eut.
2020 2911 2090 2982 Fur

156 3047 245 3098 aymo
258 3032 415 3100 Naurum,
434 3030 618 3086 Pannonu.”
1100 3025 1207 3114 igitur
1223 3023 1256 3091 ei
1271 3017 1454 3107 hortator,
1487 3037 1528 3094 ut
1552 3024 1674 3092 redeat
1691 3019 1728 3090 in
1746 3017 1994 3100 Germaniam,
2026 3013 2090 3084 ubi

88 3181 159 3257 Ad
182 3179 465 3259 Tampium
492 3182 736 3271 polonum,
762 3177 1009 3286 capitaneum
1099 3139 1134 3196 et
1149 3126 1355 3218 parentibus
1372 3124 1489 3242 etsibi
1506 3125 1632 3193 nidum
1647 3123 1802 3216 aliquem
1818 3119 1993 3236 inveniet:
2019 3112 2091 3236 ‘ln-

1098 3242 1192 3298 tcrca
1216 3242 1362 3318 propter
1384 3237 1551 3295 virtutem
1571 3239 1670 3295 tuam
1691 3235 1727 3291 et
1747 3232 1893 3314 propter
1921 3239 2089 3288 vrcrnram

412 3284 690 3362 C'“⁰⁰⁹¹⁶”⁸⁶m
1098 3329 1142 3396 ad
1164 3341 1198 3398 te
1221 3327 1497 3418 confugiendum
1523 3348 1597 3396 esse
1617 3336 1750 3406 receset,
1782 3321 1919 3413 tibique
1939 3342 1975 3389 se
1992 3341 2089 3388 corrr-

44 3407 94 3498 S.
121 3423 171 3497 D.
227 3421 312 3494 Non
335 3423 462 3493 dubito
484 3437 518 3494 te
543 3423 663 3494 virum
687 3423 837 3494 consilio
860 3435 895 3494 et
917 3421 1050 3495 virtute
1097 3430 1252 3502 mandat.
1303 3427 1376 3499 Nec
1392 3427 1531 3511 dubito,
1557 3424 1645 3520 quin
1661 3425 1725 3495 ubi
1741 3411 1896 3493 audieris
1913 3444 2007 3501 eum,
2029 3419 2089 3488 iu-

44 3537 308 3620 praestautem‚
342 3536 470 3639 etcrrm
486 3521 826 3639 Reipublpericula
844 3523 1047 3612 iutelligeu-
1097 3530 1259 3619 genium,
1298 3530 1536 3602 eruditionem
1571 3525 1842 3616 et‘gravitatem
1876 3523 1952 3592 eius
1984 3521 2091 3590 valde

44 3643 144 3744 tem,
187 3636 262 3739 ῑῑῑῐῐ]
285 3647 368 3691 vero
393 3636 459 3740 tol}
482 3625 563 3741 prbr
587 3615 808 3740 Clnstrano
829 3624 962 3716 optime
985 3651 1047 3696 cn·
1096 3632 1309 3722 probaturus
1325 3633 1384 3706 sis.
1440 3627 1494 3700 Eo
1513 3629 1624 3719 igitur
1637 3625 1807 3697 literasei
1830 3623 1931 3708 dedi,
1954 3635 1995 3693 ut
2010 3623 2089 3692 adi-

43 3737 212 3821 preutem
243 3747 282 3840 ¹.¹¹
311 3717 379 3792 hoc
408 3737 610 3794 trrstrssrmo
628 3717 849 3794 Ponnomae
878 3725 1045 3798 incendio
1096 3747 1171 3803 tum
1189 3733 1232 3802 ad
1249 3745 1283 3802 te
1300 3735 1553 3827 patefacerent,
1583 3744 1702 3824 postea
1724 3752 1804 3797 eum
1826 3736 1971 3818 propter
1985 3747 2087 3794 seram

41 3826 166 3944 multa
190 3838 341 3914 cogitare
357 3825 407 3942 'de
431 3824 538 3895 variis
556 3825 794 3896 calamitatum
808 3822 1044 3898 humanarum
1094 3833 1263 3906 virtutem
1298 3835 1540 3926 complectere.
1602 3827 1719 3920 Quam
1758 3827 1833 3897 sint
1872 3821 1958 3895 baec
1992 3825 2087 3895 iusta

42 3949 188 4045 caussa,
229 3928 273 3994 de
305 3927 410 4044 stiffi·
431 3927 481 3996 ’ὅθ
514 3927 756 4017 Pfflvidffllia,
793 3931 838 3999 (1⁹
873 3929 1043 4000 “elerum
1094 3937 1210 4008 officia
1242 3937 1307 4006 tali
1337 3951 1513 4027 tempore,
1558 3943 1599 4002 tn
1636 3929 1768 4022 optime
1798 3926 1977 4016 intelligis
2044 3924 2086 3997 Si

42 4050 199 4147 poeula,
229 4030 273 4096 de
290 4024 497 4146 Prrucrputp
521 4027 719 4114 suroribffi,
751 4055 903 4124 quarum
923 4055 1043 4100 rerum
1094 4037 1168 4109 ulla
1191 4037 1231 4106 in
1258 4061 1314 4123 re,
1352 4050 1445 4108 certe
1475 4029 1535 4104 hic
1563 4033 1662 4102 decet
1689 4025 1855 4100 homines
1882 4019 2120 4097 meminisse

44 4153 215 4202 ornnrum
246 4141 410 4218 cogitatio
440 4143 545 4198 ettam
574 4129 726 4201 fortibus
756 4131 842 4202 siris
865 4132 1043 4222 ingentem
1095 4161 1317 4210 communem
1341 4139 1434 4207 iuter
1455 4159 1492 4206 se
1512 4131 1798 4207 coniunctionem
1813 4143 2087 4202 etcommunem

45 4235 213 4305 dolorem
226 4231 354 4350 adfept.
393 4227 483 4300 Cum
500 4231 608 4320 igitur
625 4233 667 4302 ad
686 4246 723 4303 te
739 4233 782 4302 de
797 4228 1045 4328 sigismundo
1093 4243 1285 4314 fortunam.
1342 4233 1479 4310 Thebis
1502 4235 1644 4320 deletis,
1686 4258 1767 4305 cum
1789 4234 1967 4304 decretum
1996 4244 2084 4301 esset

42 4329 264 4449 Pannonro,
285 4356 360 4401 vtro
376 4331 590 4413 doctissimo,
612 4347 647 4402 et
662 4327 913 4422 honestissimo
927 4335 1041 4406 amico
1092 4345 1243 4427 factum,
1276 4367 1321 4412 ne
1342 4342 1422 4435 quis
1444 4339 1562 4410 exules
1578 4331 1737 4430 hospitio
1749 4335 1939 4426 exciperet,
1970 4327 2083 4404 Athe-

42 4451 172 4506 nostro
190 4433 416 4510 scribendum
433 4447 540 4516 esset,
571 4434 725 4505 libenter
746 4437 881 4531 aliquid
903 4437 1042 4528 praefa-
1092 4467 1160 4514 rrae
1181 4457 1299 4514 tamen
1322 4445 1425 4513 adse
1448 4440 1672 4511 venientibus
1695 4434 1888 4530 hospitium
1909 4436 2086 4526 praebue-

40 4551 99 4610 tus
125 4558 261 4616 essem,
300 4534 472 4652 quoduad
499 4535 685 4606 levandam
709 4551 805 4608 tuam
830 4539 1039 4609 moestitiam
1091 4559 1195 4632 runt,
1221 4545 1359 4616 tametsi
1383 4545 1515 4616 multae
1537 4554 1640 4613 eraut
1663 4563 1806 4623 causae,
1830 4531 2083 4606 curAIesoo-

39 4637 354 4758 accommodatum
382 4635 579 4753 arderatum
632 4635 704 4710 Sed
728 4641 847 4710 omnia
876 4663 968 4734 quac
994 4641 1040 4710 ab
1092 4639 1199 4718 dream
1217 4646 1458 4734 strictorem,
1480 4659 1514 4716 et
1530 4645 1707 4714 irritatum
1724 4639 1967 4710 formidarent.
2009 4625 2109 4705 Nee'

37 4743 199 4812 eruditas
215 4749 249 4806 et
265 4739 484 4828 sapientibus
500 4739 737 4828 colliguntur,
771 4755 855 4813 uota
876 4741 946 4814 tibi
967 4766 1039 4814 esse
1090 4775 1175 4822 rcro
1199 4771 1290 4840 opus
1314 4749 1455 4822 esttibi
1479 4763 1597 4818 vetera
1623 4741 1783 4834 exempla
1802 4739 1967 4814 recitare,
1999 4759 2080 4805 cum

38 4844 136 4928 scio,
164 4861 225 4909 me
248 4863 337 4958 vero
357 4833 442 4910 haee
457 4864 528 4910 uua
551 4841 745 4910 consolatio
761 4857 941 4938 utcunque
962 4868 1040 4914 sus
1091 4851 1374 4924 virtnstuaaliis
1387 4850 1602 4946 praeluceat:
1635 4841 1814 4933 Excepisti
1836 4839 1930 4909 enim
1944 4835 2081 4927 Regem

36 4957 170 5019 tentat.
224 4935 304 5010 Etsi
326 4965 364 5010 ru
388 4937 453 5012 hae
468 4943 597 5012 muudi
613 4957 750 5013 senecta
768 4957 804 5015 et
819 4946 947 5016 delirio
970 4947 1039 5015 im·
1090 4949 1293 5040 loannem,
1322 4977 1404 5026 cum
1428 4975 1505 5023 oon
1523 4961 1663 5022 tanturn
1686 4943 1795 5015 esuis
1809 4943 2084 5024 desertusesset,

35 5049 206 5140 pendere
232 5041 392 5112 existimo
415 5043 565 5114 maiores
589 5067 779 5133 regnorum
800 5047 1036 5129 confusiones,
1092 5125 1291 5140 ψ,-

35 5175 148 5244 qrram
173 5147 319 5214 suenrut
341 5159 460 5216 antea:
501 5158 619 5214 tameu
649 5169 815 5216 mansura
841 5161 892 5218 est
918 5149 1036 5242 aliqua
1468 5185 1475 5194 ·

32 5250 106 5323 Dei
131 5244 314 5326 Ecclesia,
354 5259 389 5313 et
415 5261 520 5316 erunt
550 5245 694 5337 politiae
721 5249 860 5341 aliquae
884 5243 1036 5340 hospitia
1068 5348 1069 5352 Ἰ
1120 5221 1839 5380 ggggslfflgftxffimaff

31 5349 224 5425 Ecclesiae
240 5359 273 5414 et
289 5345 484 5430 literarum,
511 5346 724 5441 squalidiora
740 5350 904 5432 fortasse,
929 5373 1034 5443 quam
1120 5397 1150 5464 3)
1169 5398 1282 5454 Omittit
1295 5398 1514 5455 mmm„

30 5468 166 5538 norea,
200 5449 260 5516 sed
276 5461 384 5518 nunt
401 5461 540 5534 nmen,
571 5449 683 5519 donec
704 5449 765 5520 ille
788 5451 864 5522 dies
885 5451 1035 5523 laetissi-
1117 5481 1148 5552 *l
1166 5479 1237 5542 coa.
1248 5438 1542 5538 &gummi
1555 5479 1672 5536 um,
1683 5473 1778 5532 aaut.

522 1750 710 1845 Philippus
728 1744 954 1821 Melanthon.

508 1853 694 1942 'Georgius
709 1851 848 1934 Maior,
871 1847 919 1924 D.

519 1955 748 2028 Sebastianus
759 1947 980 2036 Kosthelius,
999 1945 1053 2020 M.

519 2055 636 2130 Lucas
659 2055 835 2142 Heracus,
860 2051 916 2124 M.
