4796 6258
272 343 345 422 395
848 333 1293 417 EPISTOLARUM
1342 335 1450 420 LlB.
1477 335 1543 422 IX.
1593 335 1729 420 1544.
2242 337 2318 412 896

272 518 384 593 travit.
435 511 512 608 Ego
528 513 759 588 utilissimum
771 514 892 586 iudico
907 512 1040 586 talibus
1054 515 1195 608 scriptis
1209 514 1266 584 in·
1315 527 1395 600 tur,
1418 511 1572 584 libenter
1598 537 1638 586 ea
1654 513 1833 588 adiuvare.
1885 509 2003 584 Tanta
2020 523 2071 583 est
2095 523 2218 583 autem
2235 535 2318 581 ern·

277 624 416 694 terdum
441 618 585 690 accendi
607 617 702 688 bona
726 617 882 707 ingenia.
932 617 1072 708 Legunt
1088 619 1183 687 enim
1202 619 1268 688 ali·
1317 617 1406 689 ditio
1440 615 1479 684 in
1507 611 1734 709 philosophia
1759 630 1795 686 et
1820 613 1952 704 graecis
1978 628 2013 686 et
2043 614 2166 684 latinis
2194 613 2318 698 literis,

276 725 338 820 qui
357 723 443 794 boni
459 735 493 793 et
507 720 780 791 commonefacti
793 720 838 788 de
853 719 926 790 reb.
942 715 1101 789 honestis
1116 719 1270 810 diligen·
1318 730 1416 791 tanta
1429 717 1573 790 virtutis
1597 733 1631 790 et
1654 718 1764 788 animi
1780 717 1977 787 moderatio
2000 716 2040 786 iu
2060 711 2127 786 hoc
2150 710 2319 799 Simone,

244 807 346 900 'tius
367 824 534 916 cogitant.
595 816 644 892 Et
674 816 761 892 haec
782 815 959 920 ἐπαγωγὰ
991 820 1103 911 magis
1126 821 1272 915 capiunt
1317 832 1360 892 ut
1375 819 1415 888 in
1430 811 1621 890 Academia
1644 833 1765 891 nostra
1789 818 1938 890 adortis
1955 819 2125 888 omnibus
2149 833 2186 888 ct
2211 819 2319 888 bonis

276 929 432 1014 animos,
458 948 565 1020 quam
583 923 711 1017 scripta
728 918 930 1022 ἐλεγκτικὰ.
981 921 1101 1012 Quare
1122 923 1190 996 tibi
1204 947 1270 1015 pro
1319 921 1455 992 cunctis
1477 921 1626 1013 plurimi
1648 922 1718 993 liat.
1770 919 1823 992 Ac
1845 942 1966 1012 spero,
1991 921 2173 1006 futurum,
2207 933 2250 992 ut
2273 919 2321 988 li·

277 1027 333 1102 bis
348 1026 466 1124 operis
481 1023 638 1098 Ecclesia
655 1025 785 1116 gratias
801 1037 889 1115 aget,
913 1038 948 1095 et
965 1047 1028 1116 ego
1046 1022 1271 1096 nomineEc-
1319 1024 1445 1109 beuter
1471 1045 1553 1094 enm
1582 1023 1865 1116 complectamini
1895 1035 2041 1112 cogente
2072 1023 2149 1092 eius
2172 1020 2321 1106 virtute,

278 1133 403 1206 clesiae
417 1153 515 1201 nunc
530 1127 599 1199 tibi
614 1127 743 1219 gratias
760 1149 836 1216 ago.
1319 1127 1383 1210 sed
1401 1124 1494 1194 illud
1513 1125 1620 1196 etiam
1643 1147 1727 1210 oro,
1751 1140 1811 1208 ut,
1832 1125 1863 1212 ¹si
1878 1124 1948 1195 erit
1961 1123 2116 1206 occasio,
2143 1123 2320 1193 adiuvare

381 1231 421 1306 Si
443 1251 580 1325 possem
604 1228 722 1299 abesse
745 1230 790 1298 ab
804 1223 1014 1313 Academia,
1052 1249 1271 1296 excurrerem
1320 1249 1402 1298 eum
1425 1227 1572 1301 velletis.
1622 1224 1704 1296 Non
1730 1249 1872 1318 operam
1898 1247 1996 1296 suam
2014 1221 2155 1295 scholae
2172 1217 2321 1295 Cobor-

280 1337 322 1407 ad
348 1349 400 1414 te,
434 1348 475 1404 ut
497 1353 592 1402 meas
616 1331 682 1402 tibi
705 1330 864 1400 miserias
887 1353 1116 1421 exponerem,
1152 1342 1186 1396 et
1209 1343 1270 1397 tuo
1318 1325 1458 1422 ginnas
1473 1327 1623 1414 obtulit,
1647 1330 1693 1400 de
1706 1353 1776 1422 qua
1792 1349 1872 1398 curn
1887 1329 1931 1396 ad
1950 1325 2319 1398 meSenatusCobur-

280 1437 430 1509 consilio
446 1446 575 1505 uterer.
603 1431 899 1504 Arbitrabariras
915 1431 1068 1522 placatas
1083 1453 1167 1503 esse.
1201 1427 1272 1500 Sed
1320 1429 1438 1522 gensis
1465 1427 1623 1523 scripsit,
1656 1431 1875 1503 mentionem
1906 1423 2013 1500 huius
2043 1421 2170 1523 Γαῖ’).
2237 1429 2321 1500 Scio

280 1562 410 1610 novam
433 1533 717 1609 criminationem
742 1533 903 1624 coniugis
925 1527 1081 1604 aRheni
1102 1531 1180 1622 ripa
1203 1532 1273 1600 mi·
1321 1531 1434 1618 enim,
1459 1555 1535 1601 non
1550 1531 1666 1602 solum
1683 1533 1883 1602 eruditione
1900 1532 2080 1621 praeclare
2102 1531 2321 1602 instructum

280 1631 397 1735 sit‘).
451 1633 530 1708 Etsi
556 1636 661 1706 video
691 1647 866 1729 quantum
903 1633 950 1704 sit
979 1633 1179 1717 dedecoris,
1219 1645 1273 1702 ta·
1321 1655 1418 1718 esse,
1448 1633 1511 1702 sed
1538 1632 1644 1705 etiam
1667 1633 1817 1704 consilio
1843 1631 2000 1723 pollere,
2033 1655 2073 1702 ae
2094 1632 2222 1702 videre
2246 1657 2320 1726 quo

280 1767 363 1814 men
391 1753 433 1810 ut
462 1737 502 1807 in
529 1737 653 1823 malis,
701 1728 945 1832 αἱρετώτερον
972 1735 1131 1814 videtur,
1177 1747 1274 1823 post-
1321 1734 1461 1820 ordine,
1481 1757 1551 1828 qua
1564 1735 1623 1805 via
1637 1733 1834 1806 iuventutis
1847 1733 1963 1804 studia
1981 1733 2020 1803 in
2035 1733 2149 1830 literis
2164 1737 2321 1825 regenda

280 1867 387 1940 quam
412 1840 512 1910 illam
534 1861 648 1910 annos
667 1861 798 1908 novem
819 1837 953 1910 omnib.
969 1833 1193 1906 contumeliis
1211 1859 1275 1906 ve·
1323 1847 1358 1908 et
1380 1831 1608 1928 provehenda
1628 1835 1712 1912 sint.
1766 1834 1941 1906 Valetudo
1964 1858 2045 1906 euro
2067 1831 2257 1920 bortatur,
2283 1850 2320 1907 ut

228 1979 231 1986 ·
281 1945 397 2029 ravit,
419 1965 517 2013 nunc
531 1964 609 2011 eam
624 1939 782 2024 restitui,
807 1963 889 2010 cnm
915 1961 953 2007 se
976 1961 1116 2008 causam
1131 1950 1275 2007 nactum
1322 1937 1364 2008 in
1379 1937 1531 2029 patriam
1546 1938 1686 2023 redeat,
1710 1938 1846 2032 alioqui
1859 1931 2097 2007 inAcademia
2113 1938 2236 2022 locum
2257 1933 2321 2007 bo-

282 2071 355 2118 esse
378 2043 547 2117 clamitat.
607 2039 736 2113 Sanari
761 2062 817 2110 res
840 2035 997 2110 humano
1028 2039 1177 2109 consilio
1200 2061 1276 2109 non
1323 2050 1464 2108 nestum
1486 2033 1674 2112 habiturus
1697 2053 1790 2125 erat,
1816 2053 1851 2110 et
1871 2033 2033 2119 habebit,
2056 2038 2253 2133 siquando
2271 2041 2323 2108 ad

282 2159 408 2241 potest.
467 2139 592 2237 ltaque
624 2154 764 2213 tanturn
787 2164 808 2210 a
829 2137 906 2212 Deo
930 2153 1072 2212 aeterno
1089 2138 1278 2233 patreDo-
1324 2161 1402 2212 eam
1415 2138 1568 2221 redibit,
1595 2142 1692 2234 quod
1707 2141 1851 2234 quidem
1870 2141 1982 2210 lacere
2003 2163 2083 2210 eum
2106 2161 2323 2234 magnopere

281 2249 374 2319 mini
389 2245 504 2316 nostri
520 2242 599 2316 lesu
613 2237 749 2317 Christi
763 2241 936 2316 auxilium
960 2255 995 2314 et
1012 2254 1155 2335 petatur
1168 2255 1202 2314 et
1217 2267 1277 2312 ex·
1324 2241 1489 2336 optarim.
1539 2237 1638 2312 Nam*
1652 2243 1683 2312 si
1704 2244 1744 2312 in
1762 2237 1829 2313 hac
1851 2239 2056 2312 assiduitate
2074 2240 2240 2312 discendi
2259 2243 2324 2312 ab·

283 2361 450 2444 pectetur.
489 2344 529 2418 si
543 2345 631 2442 quid
645 2344 903 2438 significabitur
917 2344 985 2415 tibi
1001 2338 1128 2414 harum
1145 2368 1278 2429 rerum,
1324 2343 1476 2414 solveret
1492 2335 1658 2415 inchoata
1673 2335 1921 2436 philosophiae
1937 2342 2073 2428 studia,
2088 2367 2221 2437 magno
2241 2369 2322 2416 eum

283 2477 348 2545 pro
369 2463 443 2521 ¹tua
475 2447 666 2540 prudentia
696 2459 732 2518 et
762 2458 883 2516 nostra
911 2444 1065 2517 amicitia
1090 2443 1279 2532 iudicabis,
1325 2457 1536 2516 ornamento
1550 2445 1738 2515 universae
1758 2442 1973 2516 Germaniae
1992 2445 2069 2514 sore
2083 2467 2158 2514 non
2176 2447 2322 2518 dubita·

283 2565 456 2646 quantum
480 2541 650 2642 iratis”)
673 2550 890 2618 credendum
907 2547 963 2617 sit·
1011 2544 1103 2616 Nam
1127 2567 1190 2636 ego
1212 2571 1279 2617 nec
1324 2569 1411 2621 rem.
1462 2543 1544 2634 Qua
1565 2547 1610 2617 de
1631 2569 1670 2616 re
1699 2547 1852 2638 cogitare
1873 2567 1937 2615 vos
1958 2545 2121 2636 optarim.
2170 2545 2267 2617 Nam
2293 2551 2323 2618 si

283 2652 435 2746 litigari,
460 2675 526 2724 nec
541 2649 705 2721 dimicari
728 2671 808 2718 cum
828 2672 1008 2742 quoquam
1026 2649 1130 2732 volo,
1151 2672 1278 2744 meque
1324 2642 1393 2719 hoc
1407 2646 1591 2738 ingenium
1605 2643 1809 2741 provehetis
1823 2663 1859 2719 et
1871 2641 2211 2718 authoritatevestra
2225 2655 2322 2742 apud

284 2771 319 2828 et
343 2755 431 2825 alios
452 2777 528 2823 non
552 2751 629 2822 sine
649 2771 778 2840 magno
793 2749 917 2820 dolore
934 2749 1109 2840 reprimo,
1134 2751 1193 2820 sed
1218 2775 1279 2820 ex·
1325 2749 1523 2844 principem
1540 2749 1772 2837 adiuvabitis,
1794 2749 1889 2820 inter
1906 2761 2040 2820 caetera
2057 2763 2173 2820 vestra
2194 2753 2322 2826 merita

284 2871 383 2950 pecto
401 2854 570 2924 *divinum
595 2850 783 2922 auxilium:
817 2850 966 2943 simplex
999 2849 1188 2920 consilium
1214 2847 1280 2922 ha·
1325 2873 1406 2943 erga
1428 2851 1685 2943 rempublicam
1703 2846 1771 2922 hoc
1793 2873 1936 2946 quoque
1958 2849 2170 2920 beneficium
2195 2877 2323 2923 nume-

283 2963 373 3042 beo,
398 2970 434 3026 et
451 2957 496 3025 do
512 2954 607 3024 idem
625 2953 723 3038 aliis,
745 2952 936 3023 ntieratnr
952 2953 1046 3045 quod
1063 2975 1203 3024 necesse
1216 2966 1279 3028 est.
1325 2951 1474 3028 rabitur.
1523 2950 1623 3024 Haec
1647 2953 1771 3045 scripsi
1791 2955 1837 3022 ad
1858 2974 1923 3022 vos
1946 2950 2101 3044 simplici
2114 2951 2259 3040 animo,
2285 2982 2322 3027 ac

283 3059 383 3132 Bene
400 3071 435 3128 et
445 3055 598 3128 feliciter
612 3054 709 3138 vale,
735 3054 795 3126 die
808 3050 908 3123 XIX.
922 3049 1024 3122 Maii.
1325 3077 1412 3146 rogo
1428 3066 1577 3126 utmeas
1598 3053 1718 3126 literas
1733 3055 1821 3126 boni
1841 3052 2045 3130 consulatis.
2096 3049 2139 3126 B.
2160 3053 2208 3130 V.
2267 3059 2323 3132 19.

364 3152 368 3168 ¹
837 3149 1029 3248 Philippus
1051 3151 1228 3231 Melanth.
1325 3154 1418 3228 Maii
1438 3152 1550 3231 1544.

285 3559 352 3630 No.
365 3556 479 3631 2944.
540 3495 544 3502 ι
1125 3565 1183 3628 19.
1192 3555 1276 3625 Maii.
1325 3530 1393 3605 ΝΟ·
1409 3529 1524 3608 2945·
2161 3550 2222 3612 28.
2240 3545 2321 3608 blan.

291 3654 464 3686 Μ
1120 3626 1504 3680 ”w
2179 3638 2313 3669 κονι-

575 3751 654 3838 ΡΙι.
682 3749 984 3850 Roserseskero.
1520 3769 1522 3778 ’
1625 3729 1685 3816 M.
1714 3730 2025 3853 Meiersburgs‘o.
2055 3722 2060 3728 ¹

283 3891 287 3898 '
357 3912 603 3988 †Exspograpbo
618 3912 647 3966 in
661 3913 724 3968 cod.
736 3911 849 3968 Monac.
862 3910 906 3965 90.
921 3929 968 3966 no.
985 3909 1042 3966 vlt
1055 3929 1081 3984 p.
1097 3865 1163 3968 511»,
1429 3882 1576 3958 Epist-lib·
1593 3883 1628 3940 V·
1643 3885 1789 3958 P·597⁸q·
1888 3949 1893 3958 ,

1352 4019 1589 4100 Michaeli
1612 4023 1956 4123 Meienburgio,
1990 4017 2155 4102 Consuli
2176 4031 2300 4108 Nort-

1747 4123 1907 4205 turano.

287 4065 513 4145 Clarissimo
530 4068 626 4150 viro,
650 4066 848 4167 prudentia
870 4075 902 4139 et
919 4066 1048 4140 virtuts
1060 4069 1280 4169 praestanti,

288 4171 402 4243 Dom.
419 4165 963 4269 PhilippoRossnsolssr,
988 4168 1280 4253 Doctoriluris,

287 4265 528 4346 Conssllario
548 4268 757 4343 Illustriss.·
772 4269 896 4358 Ducis
919 4271 1064 4347 Sason.
1092 4269 1280 4346 Iohannis
1326 4242 1371 4336 S·
1392 4259 1438 4338 D·
1490 4261 1586 4335 Mira
1605 4258 1697 4334 mibi
1720 4287 1761 4333 ex
1776 4260 1965 4336 conventu
1978 4265 2140 4358 Spirensi
2161 4285 2197 4342 et
2212 4277 2329 4345 mults

566 4369 740 4455 Ernesti,
765 4381 925 4471 patrono
942 4399 1021 4450 suo.
1328 4367 1549 4468 scribuntur·⁸
1587 4363 1659 4436 Sed
1673 4361 1742 4435 hoc
1757 4365 1985 4458 praecipuum
2001 4385 2062 4454 est,
2105 4369 2243 4443 lterum
2264 4379 2330 4447 erit

1326 4466 1535 4541 Conventus
1547 4489 1669 4536 mense
1685 4459 1858 4548 Octobri,
1886 4467 1924 4536 in
1943 4493 2014 4561 quo
2030 4471 2108 4542 vult
2125 4470 2328 4566 Imperator

1327 4570 1451 4664 perfici
1471 4567 1756 4640 conciliationem
1784 4569 2010 4656 dogmatum,
2044 4589 2104 4645 aut
2135 4575 2210 4666 ipse
2242 4604 2327 4670 pro-

1329 4672 1563 4743 nunciatums
1588 4683 1657 4754 est,
1682 4669 1770 4762 quid
1795 4671 1926 4740 sentire
1950 4673 1995 4742 de
2017 4671 2208 4765 Religione
2235 4679 2330 4750 Ger-

1329 4795 1454 4844 manos
1477 4773 1573 4843 velit.
1624 4769 1665 4841 si
1687 4764 1756 4840 hoc
1777 4771 1855 4852 liet,
1879 4796 1971 4841 nova
1988 4787 2023 4844 et
2042 4777 2167 4866 ingens
2185 4797 2329 4871 portur.

1330 4875 1427 4945 batio
1455 4874 1524 4944 erit
1551 4869 1794 4965 Reipublicae.
1851 4872 1922 4942 Sed
1947 4871 2044 4946 Deus
2078 4873 2164 4949 haec
2198 4885 2330 4970 guber-

1316 4975 1442 5048 ,nabit

1434 5074 1529 5146 lllud
1544 5097 1608 5145 vos
1633 5099 1708 5148 oro.
1760 5072 1866 5145 Mille
1888 5100 2013 5149 aureos
2026 5083 2121 5171 apud
2143 5107 2199 5152 me
2214 5087 2333 5178 depo-

1331 5179 1404 5250 suit
1430 5177 1568 5271 pnella,
1601 5176 1674 5246 filia
1695 5171 1860 5248 Doctoris
1882 5166 2115 5268 Christiani,
2156 5199 2332 5280 tanquam

290 4497 501 4585 Clarissime
538 4510 606 4584 vir.
688 4508 781 4582 Cum
825 4507 886 4582 hic
935 4511 1108 4604 Magister
1149 4509 1281 4585 Simon

290 4608 491 4699 Sataialo,
516 4611 752 4684 consobrinus
768 4611 953 4708 Serretarii
976 4613 1156 4691 Illustriss.
1170 4614 1283 4688 Ducis

290 4715 463 4788 Saxoniae
480 4726 544 4790 etc.
565 4711 744 4804 Principis
764 4706 935 4783 lobannis
951 4711 1113 4800 Ernesti,
1138 4733 1283 4810 propter

290 4817 531 4889 valetudinem
554 4816 594 4884 in
618 4814 768 4906 patriam
792 4815 1085 4904 proficisceretur,
1109 4842 1166 4887 me
1181 4843 1284 4909 roga-

291 4920 362 5004 vit,
388 4932 430 4992 ut
452 4939 488 4987 se
504 4917 608 4988 vobis
632 4919 937 4998 commendarem,
964 4920 1061 5012 quod
1082 4944 1122 4988 eo
1146 4921 1214 4990 feci
1237 4921 1283 4988 li-

290 5021 450 5105 bentius,
473 5017 558 5112 quia
578 5017 673 5104 scio,
697 5041 761 5088 vos
782 5042 848 5110 pro
863 5019 1049 5092 excellenti
1066 5037 1180 5093 vestra
1196 5047 1284 5114 pru·

292 5122 413 5193 dentia
436 5133 472 5190 et
495 5118 731 5190 saverebonis
754 5119 928 5212 ingeniis,
956 5136 1009 5208 et,
1034 5123 1099 5193 nbi
1120 5124 1285 5195 concedi-

296 5306 503 5324 m

1333 5379 1528 5396 ψ

326 5413 355 5482 *t
375 5414 515 5485 „Sabinus
529 5411 623 5484 Spirae
637 5409 696 5474 vuit
709 5413 851 5485 repudiare
866 5403 984 5490 Philippi
996 5413 1109 5472 filiam.⁰‘
1144 5416 1176 5473 C.
1192 5413 1250 5471 W.
1841 5463 1847 5470 .

326 5495 374 5566 ss)
393 5493 552 5550 &Sabino
599 5517 602 5528 ·
1368 5499 1398 5568 s)
1416 5493 1479 5550 th.
1492 5511 1534 5568 ep.
1548 5494 1576 5551 d.
1590 5495 1631 5552 tt.
1644 5493 1720 5550 Mati.
