4864 6244
104 329 180 406 aar
676 317 1117 399 netsronanuu
1174 321 1386 402 mam.
1437 321 1573 405 tots.
1811 291 1814 298 ’
1951 290 1958 306 “
2080 331 2157 406 aas

105 517 179 576 tem
195 501 417 594 patriaenon
434 509 574 568 tantum
596 491 664 566 hoc
681 496 816 579 solum,
842 495 938 589 quod
956 517 1104 565 nascen-
1200 489 1392 574 Τερπόμεσσι
1413 491 1610 561 λεύσσουσιν·
1635 492 1652 562 d
1678 495 1713 562 δ’
1733 495 1900 608 depellor
1920 495 2059 590 dyopao'a

105 619 158 676 tes
189 602 341 695 excepit,
374 614 437 671 aut
461 595 547 669 haec
573 598 751 688 tuguriola
774 598 1038 687 intelligantur,
1064 597 1104 668 in
1194 581 1299 645 Al‘lm'
1320 581 1473 666 pelagia,
1492 582 1572 664 ttffll
1593 582 1628 648 ‘ll
1644 581 1750 670 '‘03¹¹“
1772 586 2025 676 “YQWM'WQ

106 706 238 802 quibus
260 727 388 794 magno
411 703 534 773 dolore
559 715 713 770 matrum
734 700 912 788 vagientes
934 698 1020 769 editi
1042 722 1104 768 su·
1867 717 1980 791 (odyss.
1996 723 2029 778 θ.
2042 720 2116 790 17⁰.)

106 830 204 878 mus:
241 805 302 876 sed
325 805 432 876 simul
457 803 733 894 complectamur
755 825 872 886 sacra,
897 801 1009 888 leges,
1035 795 1104 870 bo-
1864 803 1866 813 '

106 923 205 980 nesta
228 908 408 991 instituta,
442 901 591 979 scholas.
650 903 741 974 Nam
767 897 824 972 his
847 904 953 974 rebus
975 904 1103 972 educa·
1155 895 1338 985 Quantum
1366 899 1473 968 decus
1494 912 1563 984 est,
1590 897 1629 968 in
1653 923 1782 991 magno
1799 903 1947 974 consilio
1975 907 2021 976 ab
2040 907 2149 978 unias

107 1011 274 1095 tionem„
288 1009 505 1092 doctrinam,
532 1005 674 1076 virtutis
699 1005 918 1074 intellectum
943 1019 976 1074 et
1002 1004 1102 1094 agni·
1153 1000 1224 1069 viri
1245 1024 1307 1068 ore
1329 1013 1462 1070 ceteros
1484 1003 1655 1092 pendere,
1682 1005 1875 1096 etquidem
1900 1007 2041 1088 laetari,
2067 1033 2147 1080 cnm

107 1115 242 1185 tionem
258 1109 326 1181 Dei
351 1111 531 1182 debemus.
580 1106 785 1186 Haeebona
808 1105 1102 1175 cumsintmaio-
1156 1103 1214 1170 ille
1243 1105 1286 1170 ad
1317 1103 1507 1172 dicendum
1537 1105 1666 1193 surgit3
1702 1119 1887 1198 propterea
1918 1111 2014 1200 qnod
2046 1134 2148 1202 saepe

107 1241 166 1300 ra,
192 1237 298 1308 quam
320 1213 396 1304 ipsa
416 1212 511 1295 vita,
544 1221 579 1280 et
601 1233 674 1276 non
699 1208 814 1278 solnm
839 1221 957 1276 nostra
981 1232 1101 1278 caussa
1154 1204 1191 1272 in
1217 1226 1342 1294 magna
1367 1206 1604 1300 trepidatione
1634 1207 1787 1277 salutare
1808 1208 1997 1279 consilium
2023 1224 2058 1281 et
2080 1214 2147 1282 ob·

107 1319 239 1388 tuenda
262 1316 349 1394 sint,
384 1315 444 1382 sed
465 1313 572 1384 etiarn
593 1323 738 1400 propter
758 1309 1015 1399 posteritatem,
1050 1309 1102 1378 fa·
1153 1330 1274 1376 scurae
1292 1308 1442 1376 alicuius
1456 1308 1508 1376 rei
1521 1332 1561 1376 ac
1577 1308 1707 1377 dubiae
1722 1309 1906 1401 explicatio
1923 1301 2148 1401 expectatur?

108 1419 176 1490 cile
199 1417 350 1506 intelligi
373 1427 509 1507 potest,
542 1411 835 1514 propugnandam
859 1433 931 1478 essc
951 1409 1101 1502 patriam
1154 1406 1251 1496 Quid
1269 1423 1321 1480 est
1344 1409 1553 1502 optabilius,
1579 1433 1685 1503 quam
1702 1423 1743 1482 ut
1764 1413 1902 1484 civibus
1919 1413 1988 1484 tuis
2005 1428 2066 1484 tua
2079 1440 2147 1487 vox

107 1522 199 1592 bene
220 1532 393 1587 moratam
416 1528 451 1596 et
474 1513 640 1585 omnibus
666 1512 811 1596 officiis,
834 1524 1001 1603 tanquam
1026 1536 1101 1580 ma·
1153 1509 1199 1580 sit
1220 1511 1404 1596 salutaris,
1438 1526 1472 1584 et
1498 1511 1570 1580 illis
1594 1513 1633 1580 in
1655 1514 1837 1582 communi
1860 1513 2168 1588 consternatione'

107 1637 220 1707 trem,
242 1620 441 1691 fovendam.
498 1613 594 1686 Haec
610 1639 689 1684 cum
707 1608 952 1684 honestissime
968 1613 1102 1702 gravis-
1153 1611 1235 1680 luus
1261 1629 1466 1703 conspectus
1486 1637 1587 1684 curas
1601 1617 1719 1686 demat
1741 1625 1777 1686 et
1795 1615 1889 1686 levet
1908 1617 2146 1689 moestitiam?

107 1724 268 1816 simeqne
286 1713 345 1789 hic
364 1719 545 1801 dicantur,
569 1739 632 1806 ego
648 1717 790 1809 quidem
806 1716 970 1807 prodesse
991 1715 1105 1787 moria
1153 1708 1292 1780 Deinde
1308 1716 1538 1803 sapientiam,
1562 1715 1767 1806 grauitatem
1792 1731 1827 1788 et
1843 1719 2051 1789 suavitatem
2066 1744 2145 1790 ma-

105 1828 178 1896 bns
208 1819 336 1893 harum
371 1821 526 1911 ipsarum
565 1843 685 1888 rerum
718 1817 1102 1902 commemorationem,
1152 1837 1257 1903 gnam
1282 1809 1430 1885 Oratori
1453 1818 1597 1902 tribuit,
1623 1842 1702 1888 cum
1725 1819 1774 1888 ait
1798 1843 1877 1890 eum
1895 1819 2145 1912 circumspecte

105 1949 199 2020 quae
221 1924 259 1992 in
278 1918 346 1992 hac
361 1923 521 1992 oratione
539 1920 775 2010 colliguntur,
801 1918 931 1993 indico.
983 1919 1053 1990 Sed
1072 1920 1102 1988 si
1153 1929 1246 1986 certa
1271 1920 1443 2010 quaedam
1470 1919 1597 1993 dicere.
1656 1921 1697 1988 ld
1720 1933 1772 1990 est
1796 1921 1890 1991 enim
1915 1921 2143 2012 intelligentis

104 2027 173 2122 qui
205 2039 304 2108 sunt,
338 2024 399 2116 qni
421 2047 540 2092 rerum
565 2022 762 2092 doctrinam
789 2035 926 2092 tantum
952 2045 993 2090 ex
1022 2022 1100 2090 aliis
1153 2018 1374 2107 negotiorum
1391 2020 1660 2091 fontesetrectc
1677 2022 1884 2094 iudicantis:
1910 2037 1946 2094 et
1961 2025 2068 2094 simul
2086 2049 2143 2096 re-

104 2128 269 2198 fontibus
290 2127 362 2218 peti
387 2125 532 2208 volunt,
560 2119 599 2193 hi
626 2138 744 2195 tamen
768 2147 840 2192 non
874 2117 1098 2217 prohibeant,
1151 2115 1706 2192 verentiamOratoricircumdat
1720 2125 1929 2214 etgratiamr
1947 2121 2033 2196 haer
2046 2129 2142 2196 enim

104 2253 180 2322 quo
201 2228 321 2298 minus
344 2221 429 2298 haec
453 2227 580 2318 scripta
605 2225 769 2296 inventus
783 2238 927 2317 propter
940 2226 1098 2314 linguam
1151 2221 1279 2290 multas
1309 2221 1457 2292 virtutes
1485 2223 1781 2314 complectuntur.
1845 2223 1960 2298 Audit
1991 2227 2142 2300 Senatus

105 2344 139 2402 et
167 2329 338 2400 orationis
360 2329 512 2396 sormam
534 2329 638 2416 legat.
688 2324 792 2397 Certe
809 2351 898 2418 opus
919 2340 971 2397 est
985 2325 1100 2396 Grae-
1151 2319 1335 2394 Romanus
1368 2347 1447 2392 vera
1485 2324 1688 2394 animorum
1720 2328 1917 2397 reverentia
1957 2326 2139 2418 Laelium;

107 2457 168 2502 cae
192 2433 332 2522 linguae
346 2430 549 2520 cognitione
573 2443 606 2498 et
625 2430 669 2498 ad
687 2429 953 2518 intelligendam
978 2453 1017 2498 ac
1039 2452 1099 2498 ex·
1150 2449 1224 2501 non
1249 2425 1348 2494 audit
1368 2425 1477 2495 simili
1499 2427 1618 2496 studio
1637 2423 1850 2512 Catilinam,
1875 2429 1959 2522 qnia
1985 2430 2140 2520 dignita-

106 2535 309 2627 plicandam
328 2531 511 2602 coelestem
525 2532 722 2601 doctrinam
738 2543 773 2601 et
794 2534 837 2599 ad
856 2531 1098 2622 percipiendas
1150 2541 1219 2596 tem
1235 2522 1380 2598 Oratori
1396 2527 1486 2596 vitae
1501 2527 1653 2616 gravitas
1669 2544 1703 2598 et
1717 2529 1886 2600 modestia
1901 2531 1940 2598 in
1955 2533 2092 2602 actione
2106 2547 2141 2604 et

106 2637 194 2706 alias
217 2650 309 2706 artes
332 2635 425 2704 vitae
452 2633 673 2706 necessarias.
729 2630 870 2708 Deinde
892 2633 981 2702 ratio
1006 2646 1098 2703 recte
1150 2628 1188 2698 in
1203 2653 1365 2699 sermone
1379 2630 1527 2700 addunt.
1580 2625 1660 2699 Etsi
1677 2643 1794 2700 autem
1812 2645 1925 2701 totum
1950 2627 2018 2702 hoc
2033 2634 2140 2706 decus

106 2739 252 2808 dicendi
274 2738 350 2808 sine
374 2736 478 2808 bonis
498 2735 665 2825 exemplis
687 2748 721 2805 et
736 2735 812 2805 sine
826 2759 910 2805 rura
927 2734 1098 2804 imitatio·
1149 2731 1369 2823 conspectius
1395 2746 1448 2802 est
1473 2732 1512 2800 in
1541 2731 1793 2802 excellentibus
1820 2728 2051 2822 Oratoribus,
2084 2750 2140 2807 ta-

106 2841 165 2910 nis
194 2841 282 2910 disci
305 2862 378 2908 non
398 2851 522 2930 potest.
580 2835 620 2908 Si
643 2838 722 2930 quis
749 2853 866 2908 autem
891 2836 1098 2922 arbitratur,
1148 2857 1230 2902 men
1246 2835 1350 2904 etiam
1365 2832 1553 2903 mediocris
1563 2835 1989 2907 senatoretconcionator
2004 2837 2043 2907 in
2057 2862 2141 2930 par-

105 2938 202 3012 nihil
217 2943 367 3026 referre,
393 2963 605 3034 quocunque
618 2941 725 3008 modo
742 2963 797 3010 res
819 2961 964 3030 magnae
986 2939 1098 3032 expli·
1149 2961 1194 3005 vo
1223 2949 1325 3006 coetu
1353 2935 1541 3006 consilium
1570 2949 1604 3005 et
1639 2937 1828 3007 salutarem
1857 2939 2069 3010 sententiam
2098 2941 2139 3010 in

106 3057 250 3124 centur,
273 3067 312 3112 ac
325 3043 484 3113 sulficere
500 3065 581 3112 eum
596 3065 746 3124 sonum,
766 3065 873 3136 quem
889 3041 1016 3134 cuique
1033 3065 1098 3111 na·
1149 3040 1255 3108 rebus
1271 3039 1391 3108 dubiis
1399 3039 1588 3108 ostendens
1604 3051 1637 3107 et
1652 3040 1814 3130 diligitur
1828 3053 1862 3110 et
1877 3041 2016 3114 colitur.
2039 3039 2137 3114 Haec

105 3159 186 3216 tura
202 3145 384 3226 attribuit,
408 3157 468 3214 aut
485 3145 699 3213 ineruditam
721 3144 892 3237 loquendi
908 3157 1098 3214 consuetu·
1149 3141 1242 3216 bona
1259 3141 1456 3210 consideret
1470 3139 1637 3209 inventus
1651 3163 1756 3234 seque
1769 3141 1913 3232 optimis
1929 3143 2063 3213 artibus
2078 3145 2136 3212 in·

106 3249 248 3330 dinem,
274 3272 335 3318 seu
357 3245 497 3345 ἄλογον
518 3241 673 3340 τρίβην,
707 3257 746 3315 ut
768 3245 869 3314 multi
894 3261 1097 3334 arrogantes
1147 3256 1276 3324 struat,
1301 3241 1452 3312 ut‘olim
1480 3240 1518 3308 in
1543 3242 1671 3311 dandis
1686 3243 1845 3312 consiliis
1863 3245 1949 3312 etin
1965 3246 2137 3330 docendo,

105 3351 303 3434 somniant,
319 3343 431 3434 bi,ut
446 3344 538 3417 nihil
556 3349 671 3416 dicam
686 3347 854 3439 asperius,
867 3359 898 3416 ct
915 3370 951 3415 se
967 3347 1097 3418 fallunt
1147 3343 1185 3412 in
1202 3341 1358 3412 Ecclesia
1380 3357 1441 3412 aut
1459 3341 1498 3410 in
1513 3339 1644 3428 Curia,
1667 3343 1799 3414 dicturi
1822 3345 1956 3436 patriae
1971 3347 2135 3437 prodesse
2193 3423 2202 3438 ,

105 3451 192 3542 ipsi,
219 3466 252 3520 et
270 3449 353 3543 quia
367 3451 559 3520 multorum
576 3449 690 3518 studia
708 3449 989 3537 languesaciunt,
1012 3450 1095 3518 uni·
1147 3446 1294 3537 possint.
1344 3443 1524 3535 Legantur
1536 3443 1644 3532 igitur
1657 3459 1816 3516 veterum
1828 3445 2026 3530 orationes,
2045 3473 2136 3542 quae

103 3577 227 3622 versae
250 3552 343 3620 vitae
363 3564 501 3622 nocent.
553 3547 725 3637 Magnum
749 3551 896 3618 omnino
919 3551 1025 3620 decus
1046 3564 1096 3622 est
1146 3563 1179 3618 et
1195 3571 1313 3618 rerum
1330 3548 1513 3617 scientiam
1528 3545 1646 3631 alunt,
1670 3561 1704 3617 et
1717 3560 1810 3617 recte
1825 3548 1968 3617 dicendi
1982 3549 2076 3618 viam
2095 3574 2136 3621 ae

103 3651 308 3744 eloquentia
325 3651 471 3722 uberior
492 3663 526 3720 et
543 3650 784 3740 splendidior,
810 3675 899 3744 qnae
915 3675 968 3720 res
984 3652 1096 3722 bonas
1146 3651 1318 3720 rationem
1334 3653 1538 3722 ostendunt.
1589 3645 1690 3718 Nihil
1709 3649 1779 3718 iam
1794 3651 1840 3718 de
1855 3649 1934 3718 aliis
1952 3650 2135 3743 scriptori-

103 3777 181 3820 non
202 3753 317 3825 solum
335 3767 428 3822 recte
442 3766 476 3822 et
493 3753 675 3844 perspicue
691 3776 881 3844 exponere,
914 3755 973 3822 sed
990 3757 1094 3824 etiam
1147 3753 1351 3824 husdicam.
1403 3748 1445 3821 In
1461 3745 1518 3819 his
1534 3750 1619 3842 ipsis
1636 3751 1783 3842 pagellis
1797 3749 1952 3844 Lycurgi
1966 3751 2062 3824 videt
2083 3755 2135 3825 le·

101 3877 251 3942 augere,
275 3854 436 3925 attollere
458 3868 493 3925 et
514 3877 641 3924 ornare
667 3869 798 3945 potest,
823 3855 938 3946 qualis
954 3855 1010 3924 vel
1029 3856 1097 3926 Pr·
1145 3867 1238 3934 ctor,
1270 3877 1376 3946 quam
1399 3855 1548 3923 formam
1572 3853 1744 3922 orationis
1767 3852 2022 3942 elegantissima
2046 3855 2135 3925 civi-

102 3955 211 4027 riclea
226 3957 300 4041 vis,
319 3957 374 4025 vel
392 3955 571 4026 Platonica
587 3956 643 4024 rel
659 3953 892 4026 Ciceroniana
905 3958 984 4030 fnit.
1024 3957 1093 4029 Sed
1143 3971 1198 4025 tas
1216 3955 1395 4028 amaverit.
1431 3953 1591 4024 Primum
1609 3977 1665 4024 res
1680 3955 1855 4025 concinno
1870 3956 1998 4026 ordine
2012 3957 2134 4028 distri-

103 4080 168 4147 ego
188 4083 284 4129 nnnc
300 4081 373 4127 non
389 4059 433 4128 de
448 4058 507 4126 illa
523 4057 726 4126 excellentia
744 4059 891 4152 loquor,
916 4083 1007 4152 qnae
1021 4062 1095 4130 sin·
1145 4061 1249 4128 natae
1280 4068 1378 4126 sunt:
1413 4068 1532 4148 postca
1563 4057 1762 4126 verecundo
1793 4079 1920 4146 genere
1947 4059 2132 4144 orationis,

103 4161 225 4248 gulare
239 4158 306 4230 Dei
321 4185 452 4230 munus
468 4175 519 4230 est
535 4173 571 4230 et
587 4161 707 4251 paucis
726 4162 909 4250 contingit.
948 4157 1095 4232 'Deltae
1145 4158 1288 4250 proprio
1304 4183 1342 4228 ac
1358 4159 1461 4248 plane
1475 4159 1619 4238 melleo,
1644 4158 1896 4232 vestitaesunt.
1948 4158 2055 4230 Nulla
2072 4185 2133 4254 pe-

102 4263 287 4332 communi
304 4262 469 4332 facultate
487 4276 601 4344 recte,
627 4261 770 4346 ordine,
796 4262 996 4353 perspicue,
1021 4287 1093 4333 non
1145 4261 1285 4350 regrina
1316 4285 1402 4340 vox,
1444 4259 1563 4330 nullae
1590 4275 1811 4331 monstrosae
1843 4261 1993 4351 figurae,
2031 4263 2132 4333 nulla

104 4365 270 4456 sordide,
309 4387 382 4433 non
409 4363 504 4434 futili
538 4362 743 4452 garrulitate
772 4365 924 4433 docendi
956 4364 1095 4458 loquor.
1144 4365 1348 4451 confragosa
1374 4363 1581 4454 compositio
1603 4363 1734 4454 legenti
1758 4364 1946 4455 obstrepit:
1978 4364 2132 4459 denique

101 4459 180 4538 Hoc
204 4467 338 4558 ipsum,
365 4467 459 4560 qnod
482 4467 625 4559 quidem
650 4489 837 4536 commune
857 4467 1096 4559 multisputa-
1145 4489 1234 4558 quae
1260 4465 1305 4536 sit
1331 4463 1391 4532 illa
1418 4464 1535 4532 suavis
1561 4476 1596 4533 et
1624 4465 1772 4556 simplex
1803 4467 1917 4535 forma
1948 4467 2132 4552 orationis,

102 4577 180 4654 tur,
215 4582 332 4638 tamen
358 4581 391 4638 et
414 4567 559 4637 difficile
583 4579 654 4650 est,
682 4582 715 4636 et
736 4568 813 4637 sine
826 4567 954 4652 literis,
980 4569 1095 4640 varie-
1143 4591 1250 4661 quam
1269 4565 1413 4656 proprie
1433 4579 1604 4636 vocarunt
1626 4561 1799 4652 Atticam,
1823 4567 1862 4634 in
1887 4563 1954 4637 boc
1969 4568 2129 4660 exemplo

101 4678 170 4740 tate
207 4669 409 4754 doctrinae,
442 4669 661 4752 imitatione,
687 4670 960 4753 assuefactione,
992 4659 1095 4740 deni·
1145 4670 1295 4738 maxime
1323 4667 1477 4758 conspici
1505 4681 1628 4758 potest.
1682 4667 1732 4740 Ut
1754 4682 1872 4738 autem
1893 4670 2131 4762 videmuspi-

99 4791 167 4862 qne
182 4773 262 4844 sine
280 4773 472 4842 multarum
486 4773 614 4842 artium
635 4783 668 4840 et
686 4771 857 4841 virtutum
871 4771 1094 4863 copulatione
1142 4785 1256 4842 ctores
1279 4769 1523 4840 excellentium
1544 4769 1720 4839 artificum
1741 4793 1847 4860 opera
1870 4769 1915 4840 sit
1927 4772 1973 4840 ad
1986 4771 2130 4842 imitan-

100 4873 189 4944 ellici
218 4897 292 4943 non
314 4888 439 4966 potest.
489 4869 596 4942 Extat
611 4874 703 4964 apud
720 4869 917 4944 Homerum
936 4875 1092 4944 laudatio
1143 4875 1227 4944 dum
1251 4894 1464 4962 proponere:
1491 4871 1539 4942 ita
1560 4871 1715 4963 prolecto
1739 4894 1828 4962 opus
1847 4885 1899 4942 est
1918 4871 2130 4942 informan-

99 4965 269 5048 Oratoris
291 4971 347 5046 his
376 4973 554 5056 versibus,
588 4997 677 5067 quos
702 4973 870 5045 omnibus
890 4975 1094 5047 notissimos
1142 4977 1185 5045 da
1212 4975 1370 5045 oratione
1395 4973 1528 5042 intueri
1549 4973 1588 5040 in
1612 4974 1766 5065 exempla
1789 4997 1930 5053 eorum,
1955 4974 2018 5066 qui
2037 4987 2131 5046 recte

99 5086 134 5143 et
154 5077 453 5148 familiarissimos
475 5097 566 5160 esse,
591 5075 663 5144 imo
685 5075 811 5145 infixos
832 5077 995 5147 omnium
1015 5079 1093 5148 ani·
1142 5075 1281 5170 loquuti
1311 5087 1406 5144 sama
1463 5071 1553 5144 Cum
1574 5087 1692 5144 autem
1717 5073 1862 5158 scirem,
1893 5075 1960 5144 tibi
1983 5099 2128 5166 magnae

98 5176 168 5247 mis
182 5179 347 5271 optarim.
396 5177 588 5246 Nonenim
610 5190 749 5249 tantum
766 5192 932 5262 narrant,
957 5194 1089 5274 quanta
1141 5177 1318 5268 voluptati
1334 5177 1411 5245 lore
1426 5170 1532 5244 buius
1549 5175 1721 5246 orationis
1735 5176 1921 5247 lectionem
1938 5191 1971 5246 et
1986 5191 2130 5269 propter

102 5273 148 5346 sit
170 5281 283 5371 gloria
307 5293 398 5352 recte
420 5280 587 5362 dicentis,
613 5281 795 5350 sedetiam
811 5295 979 5366 monent,
1005 5281 1091 5374 qnid
1141 5281 1316 5350 sermonis
1339 5278 1545 5367 elegantiam
1569 5301 1628 5361 ac,
1653 5291 1693 5346 ut
1713 5278 1761 5348 ita
1782 5278 1915 5362 dicam,
1939 5281 2136 5356 candorem*

102 5370 140 5445 in
157 5405 320 5454 sermone
336 5383 456 5450 deceat
472 5394 506 5450 et
523 5381 747 5450 efficiendum
761 5382 823 5452 sit:
1142 5407 1216 5452 non
1240 5383 1418 5463 sucatum,
1450 5393 1484 5450 et
1506 5394 1650 5472 propter
1677 5403 1797 5450 rernm
1819 5379 2041 5469 gravitatem,
2074 5380 2129 5452 tui

32 5529 34 5542 ·
140 5488 239 5562 :sna
260 5493 336 5570 eata
355 5494 485 5580 μορφὴν
505 5489 588 5562 inam
609 5493 729 5580 στίφει·
748 5493 778 5560 oi
800 5493 834 5562 dl
854 5491 881 5558 τ’
902 5494 935 5572 a
952 5491 1050 5564 αὐτὸν
1140 5483 1299 5555 nominis
1326 5481 1484 5570 auspicio
1505 5505 1580 5554 earu
1604 5480 1712 5556 edidi.
1775 5479 1912 5572 Legens
1934 5495 2051 5554 autem
2073 5483 2131 5561 in-

1336 5575 1416 5654 55*
