4796 6258
311 303 387 381 399
895 298 1334 398 1t1²1sTouAttuM
1385 301 1585 388 mmlx.
1639 307 1770 396 tete.
1923 349 1926 362 ·
2252 319 2305 392 tto

325 475 520 553 Noetttt.
1132 479 1294 550 etum.
1360 476 1426 552 No.
1444 477 1558 556 2949.
1735 498 1738 509 ’
2028 577 2035 584 ,
2187 495 2305 564 setta

319 575 532 614 W
1132 572 1539 605 *Nm

676 675 714 763 1.
750 669 950 786 Stigetio.
1714 682 1764 768 tt
1790 684 1999 793 Myconio.

382 837 490 912 Stigelii
504 838 599 911 peirn.
616 835 651 894 Τ.
663 835 711 892 lll.
730 837 821 894 Dana.
840 856 884 910 ep.
900 837 942 893 10.
960 835 1022 894 cod.
1036 835 1121 898 Gon.
1138 838 1197 894 188.
1212 857 1254 912 ep.
1265 839 1309 898 73.
1463 838 1483 906 †
1504 837 1526 891 E
1544 837 1654 896 collect.
1673 838 1801 898 Ballenst.
1820 845 1853 901 V,
1870 843 1893 898 l.
1911 863 1937 917 p.
1954 845 2012 901 tet.

314 989 540 1068 Clarissimo
555 991 651 1078 viro,
670 985 873 1062 eruditione
895 996 927 1060 et
944 987 1073 1061 virtute
1086 991 1310 1087 praestanti,
1361 971 1587 1052 Clarissimo
1609 983 1686 1056 vira
1706 981 1907 1060 eruditione
1932 995 1964 1058 et
1988 987 2122 1087 pietate
2144 993 2315 1086 praestanti

313 1093 369 1172 D.
384 1093 414 1167 I
419 1093 564 1168 oanni
576 1090 804 1187 Stigelio,
829 1085 1044 1191 Professori
1057 1089 1211 1185 linguae
1225 1087 1310 1164 La·-
1361 1077 1417 1158 D.
1442 1075 1696 1158 Friderico
1717 1083 1963 1184 Myconio,
1989 1086 2142 1162 Pastori
2160 1091 2313 1166 Ecclesiae

315 1197 418 1269 tinae
442 1196 482 1270 in
501 1191 703 1268 Academia
726 1191 1064 1287 thenbergensi,
1089 1193 1210 1266 amico
1231 1219 1311 1282 suo,
1514 1177 1741 1276 Gottanae,
1758 1190 1878 1264 amico
1904 1215 1972 1262 suo
1999 1193 2205 1282 carissimo,

753 1291 796 1370 S.
818 1291 873 1364 D.

1361 1295 1407 1388 S.
1424 1320 1470 1397 D.
1521 1322 1576 1394 De
1599 1342 1779 1398 conventu
1800 1353 1855 1400 res
1876 1329 1982 1420 digna
2006 1344 2198 1402 memoratu
2216 1333 2255 1401 ad
2274 1353 2312 1402 ne

315 1415 640 1508 Deumeeteronm
655 1426 796 1498 Patrem
810 1424 961 1496 Domini
976 1423 1089 1498 nostri
1108 1424 1188 1498 lesu
1203 1423 1311 1500 Chri·
1362 1425 1491 1516 scripta
1532 1439 1602 1512 est,
1643 1429 1806 1499 futurum
1839 1431 1949 1500 alium
1984 1446 2194 1502 conventum
2225 1455 2312 1500 mense

316 1539 460 1620 stioro,
484 1531 706 1603 conditorem
721 1529 900 1600 societatis
918 1523 1113 1614 humanae,
1139 1544 1173 1600 et
1188 1544 1311 1601 aucto·
1362 1516 1532 1606 Octobri,
1568 1528 1609 1596 in
1630 1553 1702 1624 quo
1722 1531 1802 1600 vult
1823 1523 1988 1601 Carolus
2012 1531 2204 1626 lmperator
2224 1533 2311 1625 pertici

316 1663 393 1711 rem
407 1633 637 1706 admirandae
658 1629 931 1723 procreationis,
957 1653 1027 1722 qna
1043 1633 1140 1702 nasci
1157 1631 1310 1724 vultlae-
1361 1621 1546 1698 inchoatas
1567 1630 1772 1719 dogmatum
1796 1632 2081 1718 concitationes,
2106 1652 2165 1706 aut
2186 1657 2311 1725 pronun-

315 1757 454 1814 ternam
468 1732 683 1812 Ecclesiam,
707 1746 749 1802 ut
765 1745 828 1802 tua
851 1731 1016 1820 coningio
1032 1733 1164 1817 faveat,
1183 1734 1252 1803 tibi
1273 1747 1311 1806 et
1362 1729 1513 1800 tiatnros
1528 1743 1580 1801 est
1594 1729 1687 1820 ipse,
1711 1734 1799 1826 qnid
1814 1735 1857 1803 de
1871 1735 2042 1824 religione
2053 1734 2243 1805 Germanos
2256 1759 2310 1802 sen-

316 1839 460 1931 coniugi
474 1851 556 1908 tuae
576 1831 843 1906 honestissimae
858 1832 969 1918 adsit,
991 1857 1054 1904 vos
1068 1848 1165 1923 regat
1186 1849 1310 1905 etscr·
1361 1829 1540 1904 tirevelit.
1591 1829 1708 1902 Audis
1727 1857 1859 1904 novum
1876 1849 1910 1905 et
1926 1835 2136 1908 inusitatum
2151 1839 2310 1927 exemplam

316 1959 376 2017 vet
397 1957 431 2014 et
449 1951 593 2032 pectora
607 1949 723 2006 vestra
744 1947 931 2006 connectat
943 1957 1026 2020 uera
1041 1949 1076 2004 et
1091 1950 1233 2008 aeterna
1247 1938 1310 2006 be..
1361 1931 1628 2002 diiudicationis
1670 1937 1990 2005 controversiarum
2028 1935 2212 2011 Ecclesiae.
2265 1937 2311 2007 Sed

316 2041 539 2125 nevolentia,
570 2061 640 2131 que
663 2036 835 2106 fruamini
856 2035 940 2106 laeti
963 2058 1003 2106 ac
1026 2038 1232 2132 tranquilli,
1269 2039 1308 2106 in
1360 2029 1477 2102 Deum
1509 2057 1669 2114 oremus,
1707 2049 1748 2108 ut
1779 2033 1954 2108 Ecclesiae
1986 2061 2066 2110 suas
2093 2055 2187 2132 regat
2210 2053 2247 2109 et
2270 2039 2312 2106 de·

316 2145 494 2226 haesita,
518 2154 552 2212 et
569 2141 608 2208 in
627 2137 781 2212 coelesti.
832 2133 964 2226 Magna
987 2151 1070 2208 sunt
1091 2140 1309 2230 praesentiae
1359 2134 1493 2207 tendat.

315 2249 387 2322 Dei
401 2243 602 2317 testimonia
625 2240 664 2308 in
681 2235 749 2310 hoc
762 2239 854 2308 vitae
869 2259 1014 2329 genere,
1041 2263 1131 2332 quae
1146 2241 1309 2310 conside·
1461 2232 1676 2306 Conlirmnri
1700 2261 1822 2308 vocem
1847 2255 1942 2312 tuam
1967 2243 2123 2331 gaudeo,
2148 2259 2243 2338 teque
2263 2261 2314 2308 na·
2349 2270 2357 2323 Ι

317 2373 402 2424 raus
424 2344 535 2436 magis
560 2365 678 2412 amare
700 2335 769 2410 hoc
790 2340 907 2432 ipsum
924 2340 1015 2410 vitae
1029 2362 1140 2429 genus
1162 2355 1198 2412 et
1222 2365 1310 2412 cau·
1361 2359 1516 2428 gnoperc
1532 2361 1614 2422 aro,
1640 2351 1680 2408 nt
1695 2339 1837 2409 dicendi
1855 2345 2121 2414 contentionem
2140 2348 2236 2430 vites,
2250 2363 2313 2436 qaae

316 2455 434 2545 iugem
456 2445 612 2517 debebis.
661 2441 741 2512 Nisi
762 2439 993 2532 meRespub.
1009 2443 1109 2511 donni
1133 2443 1310 2528 retinebit,
1362 2452 1397 2508 et
1419 2439 1625 2530 pulmonem
1650 2437 1875 2512 ettracheam
1892 2445 2055 2514 arteriam
2074 2449 2228 2519 desiccat.
2270 2441 2313 2507 ll·

315 2555 459 2628 veniam
480 2549 526 2619 ad
547 2543 715 2635 Nuptiale
743 2566 902 2627 sacrum,
933 2557 969 2612 et
991 2545 1146 2614 adferam
1171 2541 1311 2616 Acade·
1362 2541 1439 2624 des,
1464 2541 1618 2634 quietem
1642 2535 1811 2613 hactenus
1833 2545 1900 2613 tibi
1914 2546 2107 2636 profuisse,
2131 2561 2165 2618 et
2186 2549 2312 2640 prolata-

315 2659 409 2728 miae
422 2671 565 2722 munus.
609 2645 811 2716 Nuncvero
828 2645 930 2714 mitto
950 2645 1016 2714 tibi
1033 2644 1310 2732 vigintiaureos,
1361 2664 1441 2710 rum
1457 2641 1621 2732 deinceps
1639 2665 1751 2733 spero.
1802 2643 2067 2737 propositiones
2084 2645 2313 2740 proximaedio

317 2771 518 2848 acceptura
541 2760 665 2820 nostro
689 2757 872 2838 quaestore
900 2740 1046 2814 Ioanne
1066 2739 1218 2832 Rhatta,
1256 2761 1309 2818 te·
1361 2739 1601 2836 putationis*)
1627 2743 1694 2813 tibi
1718 2746 1838 2830 mitto,
1862 2749 2222 2840 quarnm'lectinnem
2243 2769 2312 2839 spero

318 2883 389 2956 qne
408 2877 516 2944 rogo,
546 2861 589 2920 ut
616 2842 707 2916 mihi
730 2869 837 2938 quam
860 2848 1017 2937 primum
1039 2847 1230 2936 significes,
1262 2873 1309 2918 on
1360 2844 1428 2914 tibi
1441 2844 1568 2913 maiori
1580 2846 1755 2936 voluptati
1776 2848 1869 2928 tore,
1895 2873 2001 2941 qnam
2024 2851 2173 2923 fabellas
2195 2871 2312 2922 consen·

318 2958 469 3032 nuntius
492 2949 645 3022 fideliter
663 2945 870 3018 reddiderit.
920 2943 974 3016 De
992 2949 1206 3038 collegarum
1227 2971 1309 3040 erga
1360 2955 1428 3022 tus.
1476 2941 1575 3016 Beue
1591 2945 1681 3021 vale.
1704 2949 1739 3022 d.
1751 2945 1812 3022 25.
1827 2947 1929 3018 Maii.

316 3078 354 3136 te
373 3052 619 3130 voluntatibus
640 3048 833 3120 sciscitatus
851 3069 930 3118 sum
953 3049 1161 3138 diligenter,
1186 3075 1227 3122 ac
1249 3052 1309 3120 in·
1817 3046 2006 3144 Philippus
2025 3051 2279 3126 Melanchghofl,

316 3162 442 3246 venio,
476 3169 588 3228 totam
618 3152 718 3221 illam
737 3149 896 3220 fabulam
919 3152 1198 3222 commentitiam
1223 3176 1307 3228 esse.

316 3263 456 3340 Omnes
476 3260 522 3329 de
545 3270 598 3346 te,
624 3253 721 3347 quod
745 3245 836 3320 mihi
853 3274 934 3321 vere
954 3252 1145 3324 affirmanti
1167 3256 1308 3326 credere

314 3367 434 3464 potes,
459 3371 620 3434 amanter
641 3368 677 3425 et
694 3348 888 3424 honorifice
909 3354 1079 3428 sentiunt.
1138 3353 1186 3425 Et
1210 3379 1308 3428 nuuc
1681 3381 1714 3422 a

201 3555 203 3558 ,
316 3470 461 3566 quidem
487 3463 527 3531 in
543 3471 618 3530 toto
639 3469 760 3526 nostro
777 3467 878 3526 coetu
893 3455 1072 3525 neminem
1088 3481 1162 3526 esse
1176 3459 1308 3544 iudico,
1358 3429 1554 3558 Q·

315 3572 374 3644 cui
390 3563 584 3639 discordias
599 3573 660 3631 aut
673 3557 819 3627 dissidia
833 3580 948 3628 serere
964 3557 1083 3632 libeat
1124 3557 1197 3628 Nec
1211 3573 1309 3652 puto,

314 3671 450 3744 aulicos
464 3660 618 3754 nuptiali
632 3675 693 3730 tuo
713 3657 866 3748 tempori
880 3653 1110 3745 stomachari,
1127 3664 1225 3752 quod
1240 3661 1308 3732 ali·
1629 3629 1778 3744 Georg.
1808 3633 2083 3744 Lytltalskio.

316 3770 524 3868 quantisper
540 3761 653 3844 absis,
669 3759 873 3850 praesertim
887 3782 968 3828 cum
985 3759 1129 3844 norint,
1152 3785 1231 3846 eos,
1244 3761 1308 3855 qui

316 3871 453 3951 adsint,
482 3864 696 3934 mediocrem
724 3858 964 3930 assiduitatem
989 3873 1175 3952 praestare.
1211 3861 1307 3933 ·Nec

316 3973 441 4047 aulicis
467 3965 628 4042 iudiciis,
667 3962 727 4030 sed
755 3984 836 4030 vera
863 3961 1000 4031 ratione
1032 3962 1221 4031 metiamur
1254 3987 1307 4048 ea,
1358 3957 1517 4034 Illust'ri
1539 3971 1571 4034 et
1596 3957 1807 4058 Magnifica
1834 3967 1922 4053 viro,
1949 3967 2121 4046 Donu'no
2148 3970 2313 4069 Georgia

292 4099 408 4172 ¹quae
424 4072 570 4162 agimus.
609 4061 866 4153 Egofidetiter,
886 4063 1100 4154 ubipotero‚
1124 4063 1307 4149 absistam,
1375 4059 1659 4162 Lythalsly
1686 4057 1907 4138 Castellano
1933 4065 2154 4168 Laudensi,
2175 4087 2305 4178 patrono

315 4203 363 4248 ne
379 4176 472 4247 ullae
494 4171 589 4238 inter
607 4189 674 4236 uos
688 4164 884 4234 discordiae
901 4165 1116 4250 excitentur,
1137 4189 1178 4236 ac
1199 4166 1306 4236 fuisse
1727 4191 1796 4239 suo
1820 4167 1979 4248 colenda,

317 4271 817 4358 meac⁰¹1⁵lll³⁸²¹⁰l³²¹2⁰¹¹m
837 4268 875 4334 5¹¹
893 4261 1112 4351 ⁵⁶¹¹⁰¹³³l⁰¹¹¹
1130 4267 1169 4336 5¹¹
1182 4263 1306 4338 Eccle·
1357 4274 1403 4366 S
1429 4290 1476 4368 D.
1528 4292 1682 4366 Illustris
1703 4310 1737 4366 et
1758 4301 1940 4389 magnifice
1960 4305 2121 4383 domine.
2178 4307 2312 4380 Nondu-
2358 4283 2359 4290 ἵ

317 4381 391 4464 siis,
407 4363 700 4469 συμβιβάστικα,
717 4367 822 4484 multi
835 4367 992 4438 iudicare
1007 4382 1163 4458 possunt.
1189 4366 1305 4440 Deum
1357 4396 1451 4475 bito,
1474 4396 1562 4488 quin
1576 4420 1642 4488 pm
1665 4411 1725 4468 tua
1743 4402 1929 4490 prudentia
1948 4404 2041 4476 inter
2057 4423 2209 4480 caeteras
2224 4409 2311 4498 reipu-

317 4507 399 4567 oro,
424 4493 464 4550 ut
481 4483 617 4546 mentes
633 4482 666 4540 et
683 4471 800 4538 studia
822 4472 1187 4588 nostra·guber11et.ad
1198 4496 1306 4552 ,com-
1359 4497 1472 4568 bum
1485 4511 1600 4590 partes
1614 4499 1718 4568 etiam
1733 4501 1849 4570 studia
1866 4503 2059 4578 iuventutis
2081 4515 2209 4582 tuenda
2227 4525 2256 4582 et
2272 4530 2311 4576 ω·
2358 4512 2359 4591 q

315 4577 637 4686 munemmmoeln'
687 4567 1285 4686 Benevalftdoemfflau1544·
1358 4601 1475 4669 nanda
1497 4601 1594 4669 bono
1617 4601 1845 4688 gubernatori
1860 4618 2002 4678 statuas.
2056 4609 2178 4702 Quare
2198 4605 2311 4704 sperari,
2358 4627 2359 4650 ³

799 4666 988 4762 Ph¹l¹pp¹¹⁵
1006 4668 1231 4746 M²¹³¹¹¹b⁰¹¹·
1359 4715 1394 4772 te
1407 4723 1482 4770 non
1497 4703 1669 4789 gravatim
1686 4703 1889 4775 auditurum
1905 4731 1978 4777 esse
1991 4734 2132 4782 cansam
2144 4717 2308 4784 adolescen-
2358 4685 2359 4710 ¹

179 4847 185 4856 ’
313 4825 316 4832 ’
417 4827 670 4900 Pudicissimae
688 4819 853 4924 Sponsae
867 4819 1010 4895 Clariss.
1028 4821 1093 4891 vici
1112 4821 1257 4892 loannis
1360 4802 1405 4872 ²3⁵
1419 4794 1640 4918 praetacti,
1663 4804 1762 4872 tulus
1784 4806 1900 4877 studia
1921 4835 2000 4878 cum
2016 4810 2310 4886 Reverendissiaas

658 4983 661 4988 ,
775 4923 926 5014 sligeffi,
1359 4899 1556 4996 Episcopus
1578 4900 1828 4976 Posnaniensis
1846 4923 1939 4979 certa
1964 4915 2134 5003 pensione
2160 4910 2309 4988 adiuverit

440 5030 623 5124 Coniugium
644 5051 778 5104 vestrum
800 5041 840 5102 sit
861 5040 937 5102 lelix
959 5039 1080 5102 numine
1105 5039 1236 5120 Christi,
1359 5027 1456 5075 ”⁰¹¹⁰
1475 5006 1519 5074 de
1540 5005 1679 5075 d⁰mi¹¹l
1703 5009 1902 5100 P¹⁰¹¹¹l⁵³l⁵2
1924 5027 2113 5109 P⁰⁵¹ql¹³¹¹²
2135 5013 2309 5090 lllufflD‘ffi

441 5130 535 5208 laque
556 5127 621 5192 Deo
643 5127 684 5190 sit
704 5145 790 5188 mens
811 5143 891 5206 uun,
921 5127 961 5190 sit
982 5143 1060 5188 nune
1083 5142 1180 5188 amor.

369 5233 559 5326 Philippus
574 5246 671 5324 optat
683 5232 760 5302 viro
783 5233 937 5322 optimo,
964 5245 999 5302 et
1012 5228 1143 5302 Poetae
1159 5231 1307 5321 optimo,

417 5336 544 5408 loanni
555 5333 725 5424 §fidelior
741 5347 775 5402 el
790 5331 1204 5426 Pudlcltslmaesponsae
1220 5335 1308 5419 elus,
1391 5318 1971 5444 ἦὥὲἒμόῗὲωβὲθΤᾶὴῖξοῐΐῆξοᾶοηη
1992 5329 2132 5408 Fabricius
2149 5341 2174 5385 et
2194 5325 2308 5410 §troistest

1816 5411 1895 5464 ogiae
1916 5401 2153 5456 renunciabantur.
2189 5397 2307 5454 trimat-

418 5439 503 5510 lelix
518 5432 735 5526 coniugium.
1427 5469 1472 5528 pn
1488 5458 1562 5530 putt
1576 5455 1661 5514 aad.
1671 5457 1695 5513 t.
1708 5478 1734 5530 p.
1749 5459 1816 5514 tto.

2172 3529 2306 3564 Μ

1428 3813 1449 3876 †
1467 3807 1504 3862 Er
1516 3807 1672 3882 apographo
1693 3809 1720 3863 in
1734 3809 1796 3866 cod.
1809 3812 1921 3872 Monac.
1935 3817 1979 3871 ⁵8.
1998 3836 2046 3872 no·
2060 3817 2108 3874 lV.
2122 3839 2149 3892 p.
2170 3820 2242 3875 225³).

1357 5199 1580 5218 ψ
