4776 6260
352 363 427 436 dil

357 538 423 612 No.
438 535 553 648 etet.

364 632 537 666 Μ

559 735 714 820 loanni
741 731 983 829 trieterica,
1013 734 1152 821 Etecc.

1126 527 1129 539 ¹
1210 549 1244 610 2.
1257 541 1346 602 Febr.

1208 632 1339 659 Μ

443 919 530 994 Epist.
547 917 594 974 lib.
614 916 663 972 lll.
681 935 707 988 p·
721 914 764 970 78.
783 913 864 986 (edit.
884 913 973 969 Loud.
994 914 1041 970 lll.
1064 935 1106 987 ep.
1122 915 1187 984 bb).

358 1073 582 1153 Gratiarum
598 1072 695 1143 actio
712 1066 767 1141 ad
778 1065 807 1141 I
814 1065 1038 1140 ohannem
1055 1066 1351 1143 Frideriaum

358 1180 501 1254 Ducem
520 1174 714 1249 Saxoniae
736 1171 940 1243 Electerem
964 1175 1194 1272 praescripta
1218 1198 1242 1241 a
1260 1167 1354 1241 Phi-

386 1281 488 1385 Iippo
504 1273 750 1353 Melanthone'
765 1269 953 1347 Studiosis
969 1273 1328 1371 Hamburgensihus.

359 1398 404 1491 s.
430 1419 476 1494 D.
528 1415 768 1488 Illustrissime
789 1413 978 1504 Princeps,
1009 1412 1164 1485 Domine
1187 1412 1353 1484 Clemen-

360 1517 717 1610 tissime,·Principio
741 1532 942 1588 reverenter
964 1541 1166 1608 precamur,
1193 1532 1231 1587 ut
1248 1513 1288 1590 C.
1306 1513 1351 1588 Τ.

361 1623 424 1697 has
440 1639 576 1696 nostras
591 1622 710 1692 literas
725 1621 957 1690 declarandae
972 1619 1200 1708 gratitudinis
1210 1633 1351 1688 nostrae

359 1749 464 1802 causa
480 1727 636 1818 scriptas,
652 1723 844 1792 clementer
858 1721 1016 1812 accipiat.
1047 1720 1238 1814 Postquam
1255 1722 1350 1790 enim

359 1846 632 1904 conterraneum
656 1839 816 1914 nostrum
831 1821 873 1896 N.
888 1823 1045 1913 primum
1061 1819 1273 1893 Academiae
1294 1847 1351 1890 re·

359 1931 471 2016 stitui,
498 1928 627 1999 deinde
646 1929 781 2019 placato
799 1926 906 1995 fratre
922 1925 1108 2011 vulnerati,
1135 1925 1238 1994 etiam
1254 1938 1349 1993 metu

357 2033 483 2106 mortis
504 2031 651 2102 liberari
674 2026 713 2102 C.
731 2026 775 2101 T.
797 2027 987 2096 clementer
1008 2027 1143 2114 voluit;
1169 2024 1247 2096 Etsi
1268 2027 1350 2096 tali-

356 2141 426 2209 bus
450 2129 629 2206 beneficiis
659 2131 759 2200 nulla
782 2123 910 2201 Oratio
941 2153 1007 2220 par
1038 2129 1194 2200 inveniri
1218 2142 1348 2222 potest:

359 2238 497 2309 Tamen
514 2233 792 2304 existimavimus
811 2233 856 2300 ad
878 2232 1033 2300 officium
1055 2247 1217 2302 nostrum
1240 2231 1349 2323 perti-

357 2365 461 2425 nere,
492 2351 534 2408 ut
564 2335 719 2428 aliquam
750 2346 867 2423 gratae
896 2333 1026 2404 mentis
1057 2334 1348 2424 significationem

357 2443 635 2513 ostenderemus.

460 2567 600 2644 Scimus
625 2594 691 2642 nos
720 2583 821 2642 antea
850 2572 1046 2664 plurimum
1073 2569 1181 2643 CT.
1209 2571 1348 2654 debere,

357 2677 454 2772 quod
469 2675 508 2743 in
524 2671 590 2744 hac
605 2668 816 2754 Academia,
844 2699 933 2767 quae
948 2688 1008 2745 tua
1024 2675 1155 2744 virtute
1169 2688 1202 2742 et
1217 2673 1348 2743 libera·
1400 2689 1467 2763 No,
1485 2690 1599 2764 3133,

356 2782 456 2851 litate
472 2777 675 2846 detenditur
691 2785 725 2846 et
741 2773 902 2866 fovetur,
929 2773 1147 2868 optimarum
1167 2757 1296 2844 artium
1313 2787 1347 2844 et
1408 2785 1578 2817 “fl“

356 2879 544 2970 Evangelii
556 2879 772 2965 doctrinam,
795 2903 863 2972 qua
878 2872 970 2951 nihil
986 2873 1126 2948 homini
1143 2878 1271 2946 melius
1285 2889 1348 2947 aut

356 2983 482 3055 utilius
496 2981 698 3070 contingere
711 2993 844 3073 potest,
870 2980 1049 3054 discimus.
1091 2977 1173 3066 Quo
1189 2993 1347 3070 tempore

356 3100 393 3157 et
407 3085 563 3154 vidimus
579 3081 620 3158 C.
638 3082 683 3157 T.
697 3107 780 3177 prae
795 3083 940 3152 caeteris
957 3080 1186 3172 Principibus
1199 3081 1347 3151 virtutes

355 3209 478 3260 omnes
492 3186 626 3271 colere,
651 3187 871 3278 maximeque
889 3185 1058 3254 iustitiam
1080 3184 1262 3253 rectricem
1279 3177 1346 3252 hu-

354 3313 480 3360 manae
498 3289 672 3359 societatis
694 3313 828 3371 amare,
857 3301 891 3356 et
906 3287 1065 3356 bonitate
1083 3285 1207 3359 lenire.
1257 3282 1348 3355 Pro-

354 3407 434 3486 pter
455 3416 544 3485 quae
567 3393 693 3460 decora
716 3388 757 3464 C.
780 3388 825 3461 Τ.
847 3413 985 3480 semper
1008 3389 1165 3459 studiose
1188 3387 1347 3458 venerati

355 3517 497 3580 sumus,
523 3506 558 3563 et
579 3493 774 3585 praedicari
789 3491 894 3560 etiam
909 3516 930 3560 a
943 3491 1065 3562 multis
1081 3491 1348 3583 sapientissimis

355 3597 443 3666 viris
458 3595 592 3688 ubique
614 3595 753 3668 scimus.
806 3593 876 3664 Sed
899 3594 939 3662 iu
960 3589 1024 3663 hac
1041 3594 1239 3664 calamitate
1262 3616 1348 3662 con-

245 3727 249 3739 ·
357 3699 512 3770 terranei
545 3697 659 3766 nostri
696 3695 884 3790 praecipue
914 3689 1145 3786 cognovimns
1176 3695 1347 3764 iustitiam

356 3817 454 3874 tuam
477 3799 720 3868 misericordia
746 3813 994 3890 temperatam,
1028 3821 1096 3889 qua
1119 3798 1165 3865 de
1186 3811 1248 3866 tuo
1272 3797 1348 3866 iure

357 3905 547 3974 clementer
570 3901 706 3995 aliquid
735 3901 919 3984 remisisti,
951 3923 992 3969 ac
1019 3922 1170 3990 poenam
1194 3899 1348 3989 mitigari

356 4027 479 4098 passus
500 4026 554 4087 es,
581 4015 615 4072 et
636 4003 851 4073 adolescenti
873 4004 1001 4071 misero
1018 4002 1128 4071 vitam
1150 4002 1348 4074 reddidisti.

358 4106 439 4195 Qua
455 4105 495 4172 in
511 4130 548 4174 re
566 4105 669 4173 etiam
686 4119 846 4197 parentes
862 4106 972 4194 ipsius
997 4127 1113 4188 senes,
1139 4104 1201 4196 qui
1224 4105 1346 4174 dolore

358 4207 470 4277 animi
495 4221 528 4275 et
550 4208 646 4275 luctu
672 4207 820 4298 perituri
842 4207 1009 4291 luissent,
1034 4207 1162 4274 servati
1188 4219 1223 4276 et
1242 4207 1347 4298 plane

359 4334 401 4380 ex
416 4321 529 4377 morte
549 4311 701 4378 revocati
721 4321 814 4381 sunt.
866 4306 958 4379 Cum
982 4321 1098 4378 autem
1123 4310 1267 4378 caeteris
1285 4310 1347 4379 be-

357 4410 493 4482 neficiis
515 4409 701 4493 omnibus,
722 4410 876 4481 multum
897 4435 963 4480 nos
984 4411 1158 4500 obligatos
1176 4409 1217 4484 C.
1233 4409 1277 4482 T.
1294 4411 1346 4479 fa-

359 4527 514 4592 teamur,
542 4535 638 4580 nuuc
653 4514 764 4602 magis
780 4512 927 4601 obligati
949 4536 1087 4600 sumus,
1114 4537 1179 4605 pro
1194 4501 1262 4582 hoc
1285 4537 1347 4603 pe·
1409 4511 1413 4520 ”

359 4614 485 4686 culiari
499 4614 682 4686 beneficio.
734 4613 857 4708 Itaque
879 4637 1015 4686 summa
1037 4615 1232 4684 reverentia
1247 4613 1288 4687 C.
1304 4613 1347 4682 T.

359 4717 487 4808 gratias
509 4715 665 4804 agimus,
695 4730 729 4785 et
750 4731 890 4802 nostro,
923 4733 959 4788 et
979 4716 1201 4788 conterrauei
1223 4715 1347 4800 nostri,

360 4831 395 4888 et
407 4831 594 4908 parentum
610 4817 721 4910 ipsius
735 4821 891 4908 nomine,
908 4823 1003 4914 quod
1019 4821 1160 4902 misero,
1176 4820 1239 4912 qui
1255 4819 1348 4888 tristi

360 4942 443 4992 casu
465 4919 503 4986 in
524 4913 615 4988 hane
637 4923 869 4992 calamitatem
891 4922 1038 5004 incidit,
1071 4920 1170 5013 parci
1192 4921 1347 4990 voluisti.

361 5021 468 5111 Quod
483 5019 514 5089 si
527 5021 601 5091 ullo
618 5047 774 5116 unquam
796 5037 951 5116 tempore
967 5022 1145 5093 declarare
1160 5023 1348 5112 gratitudi⁴

360 5147 442 5221 nem
458 5135 614 5193 nostram
635 5125 848 5216 poterimus,
876 5126 1085 5218 pollicemur
1107 5147 1173 5194 nos
1193 5125 1348 5194 vicissim

359 5225 504 5319 quaevis
517 5226 695 5316 pericula,
721 5243 780 5298 tua
799 5251 902 5297 causa
920 5227 1072 5298 libenter
1087 5227 1246 5296 adituros
1264 5243 1347 5299 esse.

359 5324 646 5398 Praedicabimus
678 5329 783 5398 etiam
817 5328 949 5399 civitati
978 5324 1275 5421 Hambargensi,
1309 5329 1348 5398 in

359 5450 428 5523 qua
442 5429 603 5523 plerique
619 5431 695 5500 nati
709 5453 842 5508 sumus,
864 5425 957 5500 hanc
972 5428 1088 5500 Tuam
1103 5427 1349 5517 Clementiam,

359 5553 449 5626 quae
467 5555 507 5604 eo
529 5531 634 5601 etiam
650 5553 730 5621 erga
747 5527 791 5606 T.
808 5527 847 5604 C.
864 5531 932 5603 erit
947 5531 1156 5620 officiosior,
1180 5557 1262 5604 cum
1284 5557 1348 5604 au-

936 355 1382 450 EPISTOLARUM
1433 363 1540 440 tta.
1564 365 1632 443 tx.
1685 367 1818 447 reto.
2271 384 2318 460 tte

1403 537 1476 610 diet
1492 539 1624 612 civium
1648 564 1794 615 suorum
1812 542 2055 618 intercessioni
2072 561 2102 619 te
2123 550 2320 624 dementart·

1402 663 1562 716 sensisse.

1501 775 1605 846 Hanc
1620 779 1899 851 testificationem
1913 797 2032 874 gratae
2047 787 2219 857 voluntatis
2230 804 2319 862 nostru

1404 877 1595 948 clementer
1608 881 1755 972 accipiat
1770 881 1810 958 C.
1827 882 1870 953 T.
1885 909 1950 955 nec
1967 887 2147 975 simulato,
2169 891 2221 959 sed
2235 899 2319 964 veriet

1403 981 1543 1051 ardenti
1559 997 1698 1072 pectore
1713 985 1877 1076 scriptam
1893 1011 1966 1056 esse
1981 1003 2118 1064 statuat.

1504 1111 1687 1186 Postremo
1717 1115 1832 1186 Deum
1863 1135 2045 1192 aeternum
2076 1123 2202 1196 Patrem
2226 1125 2320 1198 Domini

1403 1216 1516 1285 nostri
1538 1213 1625 1286 Iesu
1650 1207 1799 1288 Christi
1817 1231 2020 1314 precamur,
2055 1239 2089 1297 et
2111 1251 2232 1319 semper
2249 1253 2319 1319 prece

1403 1317 1526 1387 bimur
1537 1321 1744 1391 ardentibus
1759 1325 1861 1406 votis,
1885 1338 1926 1396 ut
1938 1324 1979 1396 C.
1989 1326 2033 1400 Τ.
2050 1343 2158 1400 servet
2172 1331 2320 1400 incolumen

1402 1443 1442 1489 ac
1463 1419 1668 1508 florentem,
1694 1438 1729 1495 et
1750 1426 1916 1497 defendat
1936 1431 2103 1502 adversus
2119 1455 2226 1501 omnes
2243 1429 2322 1516 hoster

1403 1535 1438 1592 et
1456 1524 1584 1608 saciat,
1608 1539 1648 1594 ut
1666 1527 1877 1616 gubernatio
1899 1544 1959 1600 tua
1980 1533 2088 1602 foelix
2106 1535 2165 1617 sit,
2186 1551 2216 1606 et
2228 1532 2259 1607 C.
2270 1534 2321 1603 Tot

1404 1625 1493 1712 tuis,
1520 1641 1555 1698 et
1569 1629 1754 1720 universae
1773 1627 1951 1702 Ecclesiae
1966 1631 2046 1708 Dei.
2103 1635 2196 1724 Quae
2210 1651 2239 1706 et
2248 1631 2321 1704 inhs

1404 1728 1489 1813 vita,
1511 1743 1545 1798 et
1560 1746 1677 1821 postea
1695 1731 1734 1800 in
1744 1745 1817 1802 tota
1833 1736 2037 1806 aeternimte
2053 1734 2093 1808 C.
2106 1737 2149 1812 T.
2163 1739 2320 1817 interiustot

1404 1843 1438 1900 et
1470 1832 1639 1904 salutares
1674 1831 1874 1927 Principes,
1921 1833 2142 1921 Danielem,
2190 1833 2321 1934 losaplct,

1403 1927 1628 2014 Ezechiam,
1664 1929 1826 2020 Iasium,
1859 1953 1893 2008 et
1915 1941 2069 2026 similes,
2097 1967 2204 2013 coram
2223 1941 2319 2024 Decet

1402 2029 1577 2105 universis
1592 2037 1709 2106 electis
1726 2041 1944 2112 celebratura
1962 2059 2022 2116 est.
2071 2044 2169 2134 Quae
2182 2069 2248 2114 vera
2259 2043 2320 2132 glorie

1402 2139 1506 2227 longe
1533 2140 1769 2210 anteferenda.
1787 2157 1839 2212 est
1869 2146 1998 2230 famae,
2030 2151 2139 2240 ‘quam
2165 2139 2318 2215 Alternia.

1402 2253 1463 2310 aut
1479 2235 1605 2309 Iulias
1624 2244 1858 2337 reliquerunt.
1908 2244 2006 2318 Bene
2030 2265 2067 2321 et
2087 2249 2243 2340 foeliciter
2258 2247 2318 2314 utet

1402 2340 1440 2415 C.
1460 2342 1505 2415 T.
1546 2343 1791 2436 Witebergae.
1810 2353 1846 2421 2.
1862 2345 2064 2427 Februarii.
2095 2351 2195 2422 Anno
2217 2345 2292 2422 tstt.

1409 2569 1518 2576 -—.---

2243 2693 2310 2778 (bt.)

1549 2889 1744 3004 Philippi
1772 2891 1971 3006 Landgr.
2001 2894 2220 2979 iudicium.

1470 3067 1502 3120 ln
1521 3068 1584 3123 eod.
1598 3066 1762 3136 Genesar,
1780 3068 1827 3122 ubi
1846 3075 1910 3122 auto
1943 3068 2010 3139 spbn
2027 3069 2222 3128 reformationis
2234 3059 2316 3139 Vintur«.
2337 3095 2338 3115 .

1504 3139 1690 3258 permauieum
1710 3136 1885 3210 ellatinum,
1929 3139 2065 3219 qbentor,
2092 3142 2170 3224 etiam
2187 3137 2316 3216 hoetffitll!
2336 3197 2337 3210 ἦ

1515 3219 1602 3276 egitur
1621 3226 1648 3276 p.
1660 3206 1704 3259 at.
1723 3206 1771 3259 sed
1791 3225 1873 3259 manu
1891 3208 1996 3261 scribae
2018 3210 2199 3282 descriptum,
2218 3212 2316 3283 ctttttffl'
2336 3211 2337 3257 l

1504 3287 1584 3398 ptura
1602 3275 1632 3328 iu
1650 3276 1727 3329 Actis
1744 3273 1841 3356 Tabai.
1857 3276 1952 3358 Vllfflf·
1972 3279 2130 3361 saepissime
2146 3261 2315 3390 conspictttttqss
2335 3309 2336 3370 ,

1505 3343 2130 3496 uiisislililhieii'eiiiiiiii?'iiiiii
2142 3353 2173 3484 ¹3¹.
2189 3351 2314 3524 lilii

1503 3481 2314 3623 exsultata'a,aaruitetur..z-r

1505 3639 1530 3692 p.
1543 3622 1609 3675 80b.
1645 3620 1779 3674 Dedimus
1796 3619 1864 3704 illud
1884 3641 1913 3675 ex
1933 3633 2049 3694 utroque
2068 3627 2179 3691 codice,
2194 3631 2215 3674 et
2230 3621 2313 3699 pottffl
2333 3609 2334 3679 l

1504 3689 1603 3774 menda
1627 3690 1699 3772 apud
1725 3688 1902 3793 Cyprtapum.
1929 3723 1964 3734 -
2007 3689 2075 3760 Quo
2096 3692 2155 3746 iure
2173 3675 2312 3810 Cyprum

1504 3770 1640 3949 tcttq
1651 3762 2333 3948 epipamactmauec...,2r

1504 3899 2113 4048 attttt.⁰r.⁰t:envtaaaa
2133 3905 2304 4050 :estu
2331 3907 2332 3961 t

1503 4046 1635 4118 scriptum
1662 4044 1717 4087 est:
1752 4039 1819 4106 „bet
1836 4038 1933 4102 bercto
1959 4038 2111 4108 sslttologttt
2132 4022 2301 4144 OEtiltttttttti’tz
2330 4041 2331 4103 l

1503 4104 2308 4260 tatetetaetacaecenturetta,

1502 4241 1575 4323 stela
1597 4214 1795 4324 Cheolpgornm
1817 4242 1936 4324 ilesunc.
1961 4248 1994 4298 ad
2015 4246 2212 4325 baodgrauum
2234 4231 2306 4318 delli*

1504 4330 1549 4378 re,
1568 4307 1745 4381 intelligitur,
1762 4311 1814 4392 boc
1832 4321 1934 4382 scripto
1955 4314 2111 4382 contineri,
2151 4333 2196 4367 uae
2212 4301 2329 4387 lattitffl,

1505 4385 1649 4462 monuerat
1672 4388 1700 4432 et
1719 4379 1919 4460 desideraverat
1945 4381 1972 4434 in
1991 4380 2196 4462 lleiorrnattoue
2211 4371 2313 4472 ΜΝΞ

1503 4448 2065 4571 iffiaffigoffiffioymbffiw„um
2086 4453 2120 4506 ad
2139 4452 2200 4506 baec
2214 4445 2297 4502 merul
2327 4459 2328 4527 t

1401 4671 1572 4775 (Manita
1593 4667 1688 4742 Pti
1695 4671 1712 4742 l
1719 4674 1735 4743 i
1739 4699 1764 4770 p
1769 4675 1822 4786 pi
1840 4669 2015 4771 Landgr.
2030 4643 2317 4780 adResorn.Vittl

1783 4778 2016 4875 spectantia.)

1401 4913 1578 5020 §dimoti
1595 4932 1627 5003 in
1640 4934 1691 5004 oet
1706 4931 2011 5026 tbittenbagitcben
2026 4934 2202 5026 &beninga
2215 4903 2318 5024 bonit

1402 5031 1907 5128 [ituraeos-mecoenatia,
1934 5038 1992 5109 ete
2009 5010 2318 5130 praeseminata

1401 5137 1450 5230 tc.
1470 5134 1725 5230 concessurus
1742 5134 2141 5233 catassamitum).
2159 5099 2318 5222 succurat

1437 5456 1464 5525 l)
1484 5455 1570 5528 cypr.
1588 5453 1713 5523 bolbtt·

1437 5555 1465 5624 2)
1482 5552 1564 5625 cypr.
1582 5553 1717 5623 ltlblgt.
1901 5609 1907 5614 .
