4864 6244
112 379 191 455 ott

116 550 197 624 Deo
220 549 444 622 commendo.
502 548 660 621 Salutem
684 560 770 642 opto
792 547 996 619 clarissimis
1016 547 1114 633 vicis,

117 653 269 726 domino
296 650 535 736 Cancellario,
566 652 713 722 domino
738 645 939 745 Gregorio,
966 650 1113 719 domino

114 752 284 836 Suollio‚
307 768 344 825 et
367 753 446 823 aliis
461 755 595 830 amicis.
645 751 885 848 Typographo
910 777 974 844 pro
997 775 1113 820 exem-

113 859 186 951 plis
201 857 370 939 satisfeci,
390 877 480 949 quae
496 856 592 925 dono
609 855 691 926 filiis
706 857 843 930 vestris.
877 854 975 924 Bene
990 853 1112 926 valete.

115 959 187 1033 Die
206 960 268 1034 21.
286 954 469 1032 Octobris.

998 1289 1047 1368 (¹1·
1061 1289 1102 1370 t·)

986 1381 1114 1408 Μ·

115 1283 314 1412 Q.

391 1483 543 1571 Ioooh.
575 1481 837 1570 Camerario.

187 1642 271 1716 Epist.
291 1642 324 1697 ad
343 1641 482 1700 Gamerae.
498 1663 526 1720 p.
547 1644 647 1736 sassq.
662 1643 719 1714 (ed.
739 1643 830 1702 Lond.
850 1643 900 1699 lv,
918 1659 961 1713 ep.
979 1640 1065 1710 stt).

68 1823 71 1840 ¹
132 1793 361 1874 Clarissimo
401 1799 479 1874 viro
520 1797 722 1875 eruditione
761 1811 793 1873 et
829 1800 958 1874 virtute
988 1823 1100 1898 proe-

148 1903 271 1973 stanti
299 1899 326 1974 Ι
334 1900 547 1975 oachimo
579 1895 703 1980 Cam.
735 1899 830 1976 Pub.
864 1900 984 1973 amico
1017 1927 1085 1972 suo

549 2030 678 2081 corrss.

113 2119 165 2210 S·
191 2138 237 2213 D.
289 2135 478 2210 Aelianum
500 2140 569 2210 tibi
583 2133 810 2210 Froncr'scos
826 2133 1024 2220 exhibebit,
1051 2136 1114 2204 etsi

114 2243 217 2312 enim
239 2243 314 2333 ipse
331 2243 504 2311 allaturus
528 2265 622 2311 eram
645 2240 752 2336 (Nam
770 2243 813 2308 ad
836 2231 1116 2331 principem'As-

117 2345 263 2418 sanium
285 2368 365 2412 cum
391 2337 515 2410 Paulo
525 2335 561 2430 ⁴)
584 2343 806 2434 expatiabor‚
840 2364 989 2433 sumque
1012 2362 1114 2428 roga-

120 2458 201 2529 tus,
228 2458 262 2516 te
285 2458 326 2514 ut
346 2468 417 2513 una
444 2439 676 2539 adducamus)
701 2457 819 2513 tamen
845 2439 1015 2533 quiahoc
1037 2443 1114 2520 iter,

118 2549 207 2618 dum
229 2544 393 2616 Prussiae
414 2542 550 2614 Ducem
571 2559 810 2636 expectamus,
841 2545 1025 2628 differtur,
1057 2543 1114 2610 in-

119 2662 216 2719 terea
241 2661 276 2718 te
296 2649 461 2717 fraudare
482 2641 591 2717 huius
610 2647 773 2716 lectionis
796 2647 976 2738 voluptate
1000 2645 1113 2717 nolui.

121 2750 340 2842 Quanquam
357 2751 470 2834 dices,
495 2749 559 2818 ubi
579 2749 771 2835 evolveris,
797 2748 837 2821 ἐκ
852 2752 1000 2822 πολλῶν
1021 2740 1113 2840 ἀχύ-

120 2877 201 2948 ριον
224 2848 352 2951 ὀλίγον
373 2845 520 2944 καρπὸν
543 2850 794 2945 συναχθῆναι.
853 2849 961 2922 Μίιιο
986 2866 1115 2934 tamen,

118 2969 164 3026 ut
184 2955 252 3023 tihi
276 2968 413 3044 gratum
436 2953 580 3036 faciam,
610 2954 666 3022 cui
691 2966 783 3023 certe
806 2977 880 3022 non
903 2966 974 3023 tam
999 2947 1114 3046 pecode

119 3048 434 3154 φιλοφρονήματα
450 3069 629 3146 praestare
650 3079 826 3146 cuperem.
867 3051 921 3124 De
936 3051 1113 3124 Archelao

118 3173 259 3251 praeter
273 3157 457 3228 Platonica
471 3171 505 3229 et
520 3153 752 3252 Thucydideo
766 3154 862 3228 nihil
882 3157 1019 3248 reperi,
1044 3157 1115 3225 nisi

116 3263 209 3332 duas
231 3261 459 3331 sententiolas
482 3255 703 3345 Aristotelis,
736 3261 798 3352 qui
826 3259 902 3328 eius
926 3259 964 3326 iu
988 3260 1113 3351 quinto

119 3367 321 3436 πολιτικῶν
355 3377 389 3431 et
427 3363 472 3431 de
506 3357 778 3430 Melancholicis
811 3361 851 3429 in
886 3360 1114 3450 problematis

118 3464 341 3535 mentionem
363 3463 456 3531 iacit.
506 3459 567 3531 Sic
581 3463 625 3530 de
640 3485 681 3530 eo
704 3461 921 3554 loquuntur,
946 3476 987 3533 ut
1001 3460 1114 3531 videri

118 3565 253 3647 velint,
282 3561 417 3651 Regem
446 3560 555 3632 suisse
584 3563 850 3632 antecellentem
873 3564 1114 3653 superioribus

117 3690 182 3737 seu
198 3665 368 3756 potentia,
390 3688 451 3734 seu
466 3663 666 3756 splendore.
697 3664 768 3735 Sed
785 3667 993 3735 sceleratum
1008 3665 1114 3734 fuisse

119 3780 268 3838 constat.

224 3895 439 3990 Lycaoniam
462 3889 648 3965 historiam
672 3894 833 3986 legimus.
890 3893 969 3968 Etsi
997 3913 1113 3969 autem

117 3999 280 4071 fortassis
296 3998 407 4092 aliqui
428 3993 673 4092 μεμψίμοιροι
693 4001 865 4092 quaedam
880 3998 919 4068 in
943 4001 1029 4070 actis
1047 4026 1114 4070 no-

118 4115 278 4172 strorum
299 4097 440 4170 Ducum
465 4093 747 4191 reprehendent,
781 4114 898 4170 tamen
925 4124 988 4192 ego
1012 4127 1114 4194 prae-

118 4203 242 4276 sertim
260 4217 338 4292 post
351 4201 484 4270 iactum
501 4197 595 4271 nihil
611 4201 810 4293 disputabo.
868 4201 960 4294 Regi
975 4219 1114 4274 nostra-

117 4329 202 4379 rum
228 4301 466 4374 Ecclesiamm
492 4317 524 4372 et
548 4301 754 4392 politiarum
773 4303 926 4394 pericula
943 4305 1114 4376 divinitus

117 4431 197 4479 non
214 4406 359 4486 dubito,
385 4403 522 4474 etiamsi
542 4429 618 4474 non
634 4427 772 4494 semper
788 4429 868 4474 cum
887 4407 1017 4476 nostris
1035 4409 1114 4498 opi-

116 4509 293 4582 nionibus
311 4507 587 4596 gubernatorum
604 4505 749 4576 consilia
766 4521 972 4596 congruant.
1006 4505 1115 4579 Hunc

116 4613 233 4702 igitur
254 4621 419 4680 eventum
442 4631 517 4677 non
541 4621 671 4678 tetrum
692 4605 798 4700 Reip.
819 4609 1055 4697 gratulemur,
1080 4624 1115 4680 et

116 4713 240 4788 Deum
256 4725 437 4781 aeternum
453 4724 590 4802 patrem
604 4709 742 4780 domini
756 4711 869 4780 nostri
884 4709 964 4782 lesu
980 4708 1112 4783 Christi

117 4835 284 4893 oremus,
309 4825 350 4882 ut
373 4806 502 4880 harum
532 4809 719 4899 regionum
741 4809 935 4898 Ecclesias‚
961 4814 1115 4904 politias,

116 4914 321 5012 principes,
349 4913 528 4997 doctores,
553 4909 691 4981 scholas
710 4924 744 4982 et
767 4914 993 5004 disciplinam
1016 4929 1114 4986 tuea-

117 5035 194 5092 tur.
243 5014 342 5088 Bene
357 5025 391 5083 et
404 5014 554 5084 feliciter
570 5013 649 5084 vale
664 5037 745 5084 cum
764 5007 950 5086 honestiss.
965 5019 1115 5109 coniuge

117 5135 155 5194 et
172 5117 319 5190 dulciss.
333 5115 466 5204 liberie.

680 5173 1064 5327 PhilippusMclanth.

113 5407 316 5428 Μ

154 5548 186 5618 ι)
205 5543 305 5598 aser..

694 365 1139 450 EPISTOLARUM
1196 369 1303 450 LlB.
1333 367 1399 446 1X.
1450 367 1582 452 toto.

1173 547 1239 622 No.
1258 545 1370 622 3297.

1169 649 1381 687 Μ

1502 743 1556 835 V.
1591 743 1822 830 Theodoro.

1226 924 1314 1049 Epdbb·
1328 923 1483 1068 lb'pvd'ai'
1496 921 1549 980 490
1561 942 1603 999 sq.
1620 955 1656 968 -
1680 922 1733 980 tttc
1747 940 1779 978 er
1793 919 1961 1000 autographo
1975 919 2004 976 in
2019 919 2082 978 coel.
2089 919 2156 976 Mo·

1997 559 2058 622 22·
2073 549 2146 616 oet.

1986 641 2158 670 m

1159 1148 1213 1221 D.
1242 1146 1287 1224 V
1292 1150 1355 1221 ito
1372 1147 1636 1231 Theodoro,
1663 1143 2005 1246 docentiEoougel.
2022 1145 2063 1217 ιἰι
2076 1141 2156 1217 Eo·

1491 1250 1602 1324 alesia
1623 1247 1824 1348 Noriberg.
2253 1243 2256 1249 ¹

1160 1367 1206 1457 S·
1232 1383 1278 1461 D.
1330 1385 1514 1478 Sapientes
1532 1389 1664 1482 ubique
1688 1389 1817 1460 intuta
1838 1385 2033 1458 Germania
2050 1385 2155 1456 credo

1161 1504 1279 1559 mente
1295 1505 1327 1560 ct
1342 1489 1453 1560 oculis
1472 1491 1602 1561 intueri
1618 1515 1712 1579 nnnc
1728 1490 1931 1576 saxoniam,
1957 1502 1992 1558 et
2008 1490 2052 1557 de
2067 1483 2156 1556 belli

1164 1591 1259 1659 exitu
1278 1593 1374 1660 varie
1390 1593 1484 1684 angi.
1517 1591 1648 1683 Populi
1665 1617 1825 1662 rumores
1841 1591 1905 1686 qui
1921 1593 2010 1670 sint,
2033 1587 2155 1656 inlini-

1163 1705 1238 1761 tum
1253 1707 1341 1762 esset
1356 1719 1512 1768 narrare.
1564 1691 1641 1764 Etsi
1658 1708 1774 1764 autem
1798 1718 1899 1787 spero
1916 1691 2032 1764 Deum
2051 1691 2156 1760 datu-

1162 1817 1242 1864 rum
1268 1817 1340 1862 csse
1365 1795 1538 1886 placidam
1561 1792 1845 1892 καταστροφὴν,
1871 1809 1990 1866 tamen
2009 1815 2154 1886 quoquo

1163 1919 1217 1964 res
1233 1899 1331 1964 cadet
1345 1891 1504 1994 μεγάλαι
1523 1895 1728 1992 μεταβολαὶ
1744 1897 1902 1971 ἔσονται.
1950 1895 2154 1986 Pugnemus

1163 1998 1271 2086 igitur
1289 1997 1332 2065 iis
1347 1999 1472 2082 armis,
1497 2024 1585 2093 quae
1603 2001 1707 2070 nobis
1725 2001 1897 2070 divinitus
1915 1998 2043 2067 tradita
2058 2006 2154 2080 sunt,

1164 2097 1198 2167 id
1226 2111 1296 2184 cst,
1330 2098 1554 2168 invocatione
1575 2098 1641 2168 Dei
1665 2116 1698 2171 et
1719 2103 1846 2172 liducia
1868 2099 1934 2170 filii
1957 2097 2038 2169 lesu
2058 2099 2154 2191 Χρι-

1163 2203 1254 2269 orori
1261 2255 1272 2283 ,
1294 2211 1328 2268 ct
1349 2223 1489 2269 oremus
1507 2225 1585 2270 cum
1607 2201 1702 2270 filius
1723 2204 1770 2274 sit
1782 2195 1890 2302 λόγος
1895 2255 1907 2288 ,
1934 2225 1979 2272 ne
2003 2193 2155 2298 λογικὴν

1162 2295 1353 2396 λατρείαν,
1385 2302 1422 2369 id
1455 2315 1526 2386 est,
1559 2327 1663 2370 verae
1687 2300 1866 2372 Ecclesiae
1890 2303 2089 2372 doctrinam
2120 2311 2156 2371 et

1162 2427 1244 2472 vera
1262 2404 1376 2472 officia
1392 2401 1474 2499 θεῷ
1491 2395 1690 2497 εὐάρισια,
1714 2405 1825 2473 deleri
1841 2403 1944 2474 sinat.

1262 2503 1383 2575 'l'uum
1408 2507 1577 2598 scriptum
1601 2506 1690 2594 legi,
1724 2531 1795 2600 quo
1821 2505 2006 2576 confirmas
2029 2497 2154 2572 Eccle-

1162 2607 1249 2676 siam
1274 2631 1348 2676 non
1375 2609 1489 2677 solum
1514 2607 1553 2675 in
1571 2601 1731 2698 Augusta
1749 2605 1939 2689 Tiberina,
1961 2606 2021 2674 scd
2046 2603 2153 2672 etiarn

1164 2707 1261 2782 alibi.
1312 2706 1458 2798 Pugnax
1482 2723 1533 2779 est
1554 2709 1687 2796 oratio,
1720 2730 1783 2798 ego
1806 2707 2022 2800 scripsissem
2045 2697 2155 2778 dedo-

1162 2804 1317 2882 σκαλικοὶ
1332 2810 1515 2901 placidius.
1562 2809 1617 2880 De
1633 2810 1857 2880 invocatione
1874 2809 1915 2882 ἐν
1928 2813 1975 2902 τῇ
1991 2812 2153 2902 λειτουρ-

1161 2907 1226 3011 γίᾳ
1248 2907 1458 3008 μυστηρίου
1481 2926 1602 2983 metuo
1625 2935 1809 2984 censuram
1830 2925 1971 2983 tuorum
1990 2907 2173 3000 Collega--

1162 3039 1254 3084 rum.
1284 3012 1429 3085 Caetera
1444 3015 1526 3084 satis
1541 3013 1739 3085 luculenter
1752 3014 1882 3107 scripta
1899 3024 1992 3098 sunt,
2013 3006 2154 3080 etmihi

1162 3117 1310 3208 placent.
1363 3114 1433 3186 Sed
1458 3116 1601 3185 brevius
1622 3117 1786 3186 dixissem
1809 3111 1893 3210 περὶ
1922 3106 2152 3205 ἐπικλήσεως,

1161 3220 1198 3286 id
1218 3231 1287 3301 est,
1312 3231 1451 3286 tantum
1467 3217 1720 3309 improbassem
1738 3218 1939 3287 nniversam
1965 3209 2152 3304 ἐπίκλησιν

1161 3313 1368 3412 μυστηρίου
1385 3317 1452 3400 ἔξω
1468 3323 1532 3410 τῆς
1543 3311 1708 3414 χρήσεως
1726 3314 1951 3416 τεταγμένης
1972 3315 2012 3388 ἐν
2034 3307 2152 3407 ῥήμα-

1162 3443 1222 3492 οιν
1237 3417 1471 3518 ιύανγελίου,
1494 3421 1602 3514 idque
1617 3421 1770 3490 breviter
1785 3420 1993 3490 indicassem
2009 3429 2153 3509 propter

1162 3522 1380 3593 calumniosa
1397 3523 1540 3594 iudicia.
1592 3521 1661 3593 Sed
1685 3518 1790 3608 haec,
1814 3535 1854 3592 ut
1874 3545 1994 3612 spero,
2021 3541 2151 3588 coram.

1162 3623 1276 3694 Deum
1298 3647 1380 3710 oro,
1411 3638 1451 3695 ut
1472 3624 1559 3694 belli
1583 3625 1697 3694 exitus
1718 3623 1764 3694 sit
1792 3623 1953 3694 salutaris
1974 3619 2152 3690 Ecclesiae

1160 3724 1240 3798 Dei.
1275 3725 1409 3818 Scripsi
1425 3724 1581 3796 Domino
1596 3723 1843 3820 Hieronymo,
1868 3735 2040 3818 quantum
2056 3744 2152 3790 nunc

1161 3828 1369 3902 sciebamus.
1420 3826 1518 3898 Bene
1534 3829 1623 3902 vale.
1674 3826 1742 3898 Die
1758 3831 1821 3900 22.
1838 3823 2006 3897 Octobris
2016 3817 2065 3917 *).

1700 3940 1857 4038 Philipp.
1875 3937 2102 4016 Melanthon.

1160 4300 1227 4372 No.
1244 4300 1357 4376 3298.

1168 4396 1342 4427 W

1973 4306 2153 4432 <am

1572 4499 1743 4588 Eidem.

1228 4669 1315 4743 Epist.
1334 4669 1554 4795 lib.Vl.²p.l9t
1571 4691 1614 4748 sq·
1637 4703 1675 4718 -
1714 4673 1767 4730 nte
1786 4693 1817 4730 er
1835 4683 1941 4746 autogr.
1960 4675 1988 4729 in
2007 4673 2152 4730 coutro-
2217 4665 2221 4674 ’

1263 4759 1326 4796 nac.
1344 4741 1366 4796 l.
1385 4743 1439 4814 po
1476 4780 1485 4798 .
1597 4791 1602 4799 .

1160 4891 1217 4970 D.
1248 4891 1288 4970 V
1295 4895 1359 4968 ilo
1383 4890 1649 4982 Theodoro,
1675 4891 1819 4968 docenti
1839 4893 1992 4995 Eoong.
2017 4897 2057 4969 in
2076 4893 2153 4970 Ec-

1494 4995 1605 5069 clesia
1623 4993 1824 5096 Noriherg.

1161 5108 1207 5201 S·
1231 5127 1276 5197 D.
1328 5126 1419 5199 Cum
1434 5123 1512 5198 heri
1527 5129 1647 5200 literas
1662 5132 1794 5202 nuncio
1811 5133 1951 5204 abituro
1968 5131 2155 5216 dedissem,

1162 5244 1281 5322 postea
1298 5230 1397 5300 venit
1417 5232 1639 5318 adolescens,
1664 5233 1728 5326 qui
1752 5247 1829 5305 tuas
1851 5233 1989 5320 attulit,
2012 5233 2051 5302 in
2072 5232 2154 5327 qui-

1163 5421 1387 5440 ss

1197 5541 1225 5612 θ)
1245 5539 1304 5596 Atta
1324 5549 1427 5595 manat
1439 5541 1583 5615 adscripsit
1600 5562 1664 5598 ann.
1684 5543 1762 5600 154⁵.

1306 5775 1331 5832 t
