4796 6258
361 307 449 404 res,
943 301 1386 382 nersrorarnu
1437 305 1543 382 ma.
1570 306 1635 386 rr.
1689 309 1822 388 1544.
2186 371 2189 382 .
2281 325 2330 400 111

361 507 446 576 pum
464 481 639 575 proiectus
655 473 772 574 est*)‚
799 503 839 550 ac
855 479 963 563 dixit,
989 502 1026 548 se
1045 503 1124 550 eum
1150 503 1191 550 eo
1214 479 1351 550 delibe-

361 601 520 656 raturum
552 606 625 653 esse
649 583 693 650 de
720 582 842 651 multis
868 583 992 666 rebus,
1026 581 1218 674 inquibus
1248 583 1352 652 etiam

362 683 459 757 haud
484 685 593 755 dubie
614 684 868 776 complectetur
883 707 1015 754 munus
1031 683 1289 755 concionatoris
1313 681 1352 748 in

254 849 261 856 .
362 801 421 858 tua
443 786 600 860 ecclesia.
651 783 749 854 lllud
774 786 840 854 tihi
856 786 1128 854 deliberandum
1146 798 1180 855 et
1194 797 1353 855 statuen-

361 891 450 959 dum
474 887 560 973 erit,
585 910 632 956 an
657 909 846 957 mansurus
862 887 930 973 sis,
954 887 986 954 si
1000 885 1081 956 Dux
1102 885 1275 958 Saxoniae
1291 909 1353 975 pe-

362 1005 430 1074 tet,
463 1001 504 1060 ut
527 1011 680 1058 maneas.
739 986 827 1078 Legi
850 989 1032 1079 epistolam
1056 986 1208 1057 Senatus
1235 984 1354 1068 vestri,

361 1116 427 1162 nec
449 1091 595 1175 dubito,
629 1090 717 1182 quin
739 1090 902 1180 princeps
926 1088 1198 1174 curatumssit,
1224 1104 1265 1158 ut
1287 1086 1354 1156 tibi

362 1207 560 1285 exponatur
581 1215 645 1260 sua
666 1191 858 1275 sententia,
891 1215 973 1260 cum
997 1190 1100 1269 sciet,
1135 1203 1169 1258 te
1188 1188 1354 1259 Naolmr·

362 1319 446 1386 gum
468 1317 649 1364 reversum
672 1316 763 1377 esse;
800 1293 833 1360 id
851 1294 945 1362 onim
962 1307 1044 1362 ante
1060 1292 1217 1360 triduum
1238 1290 1355 1358 nesci-

361 1399 427 1470 vit.
477 1394 680 1466 Benevale.
730 1392 873 1468 Diell.
889 1391 1040 1484 Augusti
1059 1391 1184 1561 1544i)
1215 1490 1290 1562 Ml

510 1533 515 1544 .
1187 1544 1196 1567 ‚
1259 1517 1302 1563 e,

1132 1717 1349 1731 ...q-unu*-

361 1873 428 1945 N0.
446 1871 559 1942 3011.
1196 1873 1252 1929 11.
1268 1859 1350 1941 Aug.

367 1967 539 2000 w
1175 1952 1346 1981 m

691 2049 1024 2134 Testimonium.

430 2213 468 2267 Ex
481 2207 649 2282 autographo
663 2207 698 2275 (ἲ)
712 2205 775 2260 edit.
789 2205 818 2258 in
831 2203 913 2258 Mart.
921 2195 1037 2256 lutheri
1048 2197 1137 2252 hisher
1152 2197 1265 2268 ongedr.
1274 2196 1352 2250 lli-ie-

464 2281 513 2334 fen
534 2279 578 2336 ed.
600 2277 665 2332 aG.
681 2275 820 2329 Sch'dtaio.
840 2271 901 2324 vot
917 2271 938 2325 l.
978 2308 986 2324 .
1006 2269 1065 2324 819.
1085 2288 1113 2319 ex
1132 2265 1261 2320 Schi'ctaio
1282 2266 1351 2335 apud

464 2351 496 2402 de
511 2347 606 2401 Wett.
624 2346 653 2400 in
673 2344 750 2414 epist.
770 2339 882 2396 Lutheri
895 2339 928 2394 T.
971 2379 979 2396 .
1001 2357 1027 2410 p.
1043 2337 1101 2391 677.
1121 2335 1163 2389 cui
1176 2333 1279 2389 clariss.
1294 2339 1351 2388 No·

462 2420 553 2483 plesco
573 2410 704 2471 lectiones
725 2409 873 2483 apographi
892 2407 1033 2472 cuiusdam
1054 2405 1190 2458 dedic-
1226 2403 1353 2475 Apogra-

460 2487 513 2557 pha
526 2485 693 2538 contulimus
713 2481 742 2534 in
757 2481 819 2536 cod.
833 2479 896 2532 liar.
911 2475 945 2530 ll.
959 2495 985 2548 p.
1000 2473 1058 2528 844.
1071 2483 1097 2526 et
1112 2475 1173 2526 cod.
1186 2471 1298 2527 Monac.
1311 2473 1354 2528 88.

466 2573 513 2608 no.
528 2553 575 2607 lV.
591 2572 617 2624 p.
631 2553 692 2608 315.
710 2573 745 2586 -
779 2545 939 2601 Melanthon
952 2553 1049 2598 auctor
1061 2551 1115 2601 est.
1133 2541 1178 2597 cui
1199 2541 1279 2594 etiam
1302 2545 1353 2596 tri·

465 2624 560 2677 huitor
573 2621 601 2674 in
617 2619 678 2676 cod.
694 2618 761 2674 Bar.
774 2624 800 2670 et
812 2614 875 2670 cod.
888 2613 1000 2666 Monac.

377 2761 579 2840 Martinus
602 2753 793 2830 Lathcrus
821 2765 852 2824 ct
878 2747 1080 2851 Philippus
1110 2746 1341 2826 Melanthea

628 2856 849 2931 Lecturis
872 2849 918 2928 G.
941 2865 972 2924 et
995 2849 1080 2946 P.¹)

367 2986 487 3080 Venit
507 3000 546 3068 in
561 2995 789 3068 Academiam
811 3007 969 3064 nostram
991 2987 1049 3062 hic
1065 2991 1272 3062 Pannonius
1289 2986 1356 3061 ho·

367 3127 446 3198 spes
480 3091 797 3171 Bartholomaeus
836 3089 1111 3190 Georgirvita')
1151 3096 1356 3186 peregrinus

367 3203 731 3297 Hierosolymitanus‚
762 3199 824 3294 qui
853 3209 994 3278 narrat,
1027 3220 1062 3265 se
1085 3209 1224 3288 captum
1240 3219 1313 3266 esse
1336 3221 1355 3266 a

368 3307 500 3380 Tuscis
521 3306 560 3374 in
581 3303 736 3396 proelio,
770 3303 809 3372 in
832 3325 902 3394 quo
925 3323 985 3370 rex
1004 3291 1216 3368 Ludneicus
1232 3299 1357 3390 iperiit,

369 3435 410 3482 ac
424 3420 545 3502 postea
560 3403 870 3496 Constantinopoli
894 3415 1026 3492 septem
1040 3423 1172 3485 annos,
1197 3415 1232 3470 et
1254 3401 1357 3470 dein-

370 3505 497 3606 ceps³)
515 3511 553 3579 in
569 3507 654 3579 Asia
671 3530 729 3576 sex
744 3527 856 3576 annos
868 3503 1038 3576 serviisse.
1090 3501 1142 3571 lta
1164 3515 1281 3572 autem
1303 3502 1357 3571 lo-

370 3637 493 3686 corum
516 3609 770 3704 appellationes
791 3619 827 3676 et
843 3619 987 3676 naturas
1007 3604 1192 3693 regionum
1216 3617 1250 3674 et
1272 3625 1357 3692 gen-

370 3711 527 3806 tium⁴),
548 3725 581 3782 et
602 3733 717 3781 mores
732 3704 856 3804 cum⁸)
872 3707 1042 3778 Tureicae
1067 3705 1182 3795 gentis
1195 3718 1272 3773 tum
1287 3701 1356 3773 Ar-

370 3815 573 3885 meniorum
592 3826 627 3882 et
652 3810 869 3881 Graecorum
894 3809 1030 3878 erudite
1057 3809 1198 3890 recitat,
1231 3818 1356 3875 ettam

371 3929 604 3987 consentanea
623 3913 692 3982 fide
708 3911 824 4002 dignis
848 3907 1005 3980 historiis
1022 3922 1160 3993 narrat,
1184 3909 1356 3977 ut'virum

369 4015 559 4088 honestum
582 4039 674 4097 esse,
710 4028 744 4084 et
767 4008 924 4082 honestis
942 4014 985 4080 de
1006 4011 1119 4078 causis
1140 4009 1357 4100 peregrinari

372 4113 500 4214 eum⁶)
535 4117 781 4188 existimemus.
847 4113 933 4182 Fuit
965 4111 1069 4180 nobis
1110 4111 1358 4200 gratissimum,

369 4222 468 4314 quod
494 4216 646 4312 dirit⁷),
673 4219 711 4284 in
728 4213 908 4285 Armeniis
933 4215 977 4283 ad
1000 4207 1208 4308 ecclesias⁸)
1222 4207 1358 4283 Christi

371 4337 406 4395 et
428 4322 544 4394 studia
568 4319 748 4389 doctrinae
773 4312 983 4386 christianae
1006 4309 1189 4408 llorere⁹).
1240 4313 1358 4402 Quare

370 4515 585 4532 Ἣ

404 4637 433 4705 *)
449 4633 510 4688 Vid.
526 4627 641 4684 Lutheri
654 4625 733 4698 epist.
745 4625 780 4679 ed
794 4619 933 4676 Amsdori.
947 4621 972 4676 d.
990 4620 1013 4676 7.
1029 4622 1098 4692 Aog.
1148 4653 1152 4658 -

405 4722 433 4788 1)
452 4717 499 4774 Sic
510 4715 579 4787 apud
595 4711 706 4767 Schtltr.

401 4805 431 4875 2)
451 4803 572 4857 sicma.
588 4797 659 4866 Nop.
697 4793 749 4850 Sed
768 4793 829 4848 eod.
843 4791 904 4848 Bar.
921 4791 1092 4862 Georgirite,
1110 4792 1220 4861 Schiitz,
1233 4796 1357 4866 Georgo.

438 4875 508 4938 nite,
528 4867 591 4924 cod.
605 4868 683 4922 Mon.
703 4865 851 4930 Georgius.

401 4955 430 5024 8)
447 4953 557 5010 seton.
568 4959 677 5016 postea.

402 5042 431 5111 4)
450 5037 616 5108 regentium
632 5052 689 5087 non
702 5030 780 5086 habet
793 5027 901 5086 Schilta.

402 5129 431 5191 ⁵)
449 5123 515 5178 Met.
530 5120 600 5190 Nop.
615 5127 684 5173 tam.

401 5214 431 5278 6)
449 5209 518 5267 cod.
534 5208 598 5262 Bar.
617 5208 706 5258 illunc.

400 5299 429 5367 7)
448 5296 523 5350 dixit
535 5293 609 5348 abest
621 5311 637 5344 a
649 5297 712 5344 mst.
725 5285 796 5360 Nop.

401 5383 430 5450 8)
450 5377 559 5434 Schlltr.
576 5375 732 5428 eeclesiam.

399 5465 431 5536 9)
449 5461 514 5518 Met.
528 5461 598 5532 Nep.
604 5457 713 5528 florere
726 5456 896 5508 audivimus.

1407 481 1695 554 commendamus
1721 477 1818 554 hunc
1842 479 2017 576 hospitem
2038 486 2226 558 bonisviris
2243 495 2329 586 ulique

1407 585 1595 667 tuendum,
1626 585 1688 676 qui
1714 585 1830 655 sciunt
1850 588 1965 656 officia
1988 611 2069 678 erga
2091 586 2229 680 hospites
2248 594 2329 664 etlln

1406 697 1504 772 grata
1528 707 1619 769 esse,
1651 699 1686 754 et
1707 688 1856 756 maxime
1881 684 2068 760 hominum
2090 705 2225 760 naturae
2248 721 2330 764 conce-

1406 785 1504 868 nire,
1520 798 1554 855 et
1570 787 1714 878 quidem
1733 811 1797 856 nos
1814 791 1906 880 ipsos
1921 793 1965 859 de
1977 805 2099 862 nostro
2115 793 2211 862 exilio
2225 819 2332 864 comno-

1407 887 1576 960 neiacere.
1616 886 1788 957 Venimus
1806 891 1902 958 enim
1920 892 1959 960 in
1974 885 2069 962 hunc
2082 895 2241 962 mundum
2256 893 2331 988 hospi·

1407 999 1475 1070 tes,
1501 1000 1535 1057 et
1549 988 1746 1077 excipimur
1761 991 1866 1060 variis
1882 994 2080 1078 aerumnis;
2105 997 2164 1064 sed
2179 997 2218 1064 ad
2232 999 2329 1086 patriar

1407 1101 1441 1156 et
1465 1090 1695 1180 tranquillam
1715 1095 1852 1177 sedem,
1878 1095 1922 1162 ad
1934 1089 1985 1187 ¹⁰)
2008 1090 2142 1164 Christi
2165 1101 2331 1166 consuetudi·

1407 1211 1489 1258 nem
1506 1191 1697 1264 tendimus.
1749 1191 1893 1282 Mitigat
1908 1208 2025 1264 autem
2043 1193 2139 1265 Deus
2155 1199 2246 1266 nobis
2265 1201 2331 1270 nosti

1409 1285 1553 1381 hospitii
1568 1292 1726 1362 miserias
1742 1294 1968 1379 clementius,
1994 1297 2025 1364 si
2045 1297 2115 1390 ipsi
2133 1293 2286 1390 hospitum
2297 1301 2334 1366 ni

1407 1392 1597 1466 sericordia
1620 1394 1837 1470 adficiamur.
1889 1394 1999 1468 Datne
2021 1397 2220 1490 l'itehrrgae
2240 1402 2284 1470 die
2300 1399 2333 1470 ll.

1407 1490 1561 1582 Augusti
1575 1517 1670 1566 anno
1691 1492 1802 1570 1544.

1960 1598 2139 1671 Martinus
2155 1596 2309 1672 Lutlurll.

1905 1785 1915 1794 .
1942 1695 2131 1792 Philippus
2147 1697 2317 1772 Melanthea

1994 1827 2105 1872 manu
2120 1801 2296 1896 propria¹').

1739 2347 1823 2430 Eu.
1854 2347 2065 2436 Musonio.

1472 2504 1549 2559 Edita
1563 2502 1591 2556 in
1605 2502 1690 2557 libror
1710 2504 1748 2560 lo.
1758 2505 1812 2560 lac.
1821 2503 1950 2578 Grynaeii
1960 2506 2222 2562 thechTheoremata
2248 2505 2335 2556 tollerat·

1472 2585 1476 2596 ·
1508 2572 1613 2654 aliaque
1632 2573 1718 2694 capita
1733 2575 1767 2628 de
1787 2576 1886 2643 quihus
1905 2577 1932 2628 in
1945 2575 2025 2630 Basil.
2042 2575 2189 2631 Academia
2205 2573 2266 2628 1588.
2279 2571 2334 2638 disput

1506 2649 1646 2697 rnetrtotae
1673 2660 1746 2696 nere.
1767 2642 1798 2698 Ρ.
1811 2643 1844 2698 ll.
1877 2643 1955 2698 .109.
1992 2643 2177 2716 Apographon
2193 2637 2336 2713 legitorirerl.

1511 2707 1593 2765 Goth.
1614 2717 1692 2768 num.
1712 2711 1773 2764 104.
2319 2705 2321 2715 ’

1507 2778 1680 2900 lnliblimh'
1701 2780 1774 2834 urbis
1794 2731 1945 2851 helinger,
1965 2780 2031 2834 mihi
2050 2781 2186 2852 descripta
2204 2799 2217 2834 a
2236 2774 2335 2832 Piralta.

1533 2867 1556 2900 er
1576 2867 1645 2906 aro.

1813 2713 1849 2768 -3
1867 2715 1893 2765 6·
1912 2743 1947 2754 —
1988 2712 2067 2766 Edita
2091 2732 2166 2768 nunc
2182 2731 2209 2766 er
2226 2721 2276 2764 aute
2290 2721 2335 2768 rapae

1409 2975 1633 3054 Clarissimo
1655 2979 1749 3063 viro,
1776 2977 1978 3054 erarditione
1991 2993 2022 3054 et
2040 2982 2171 3054 virtute
2191 2971 2336 3082 praestanti

1408 3082 1462 3159 D.
1480 3075 1719 3178 Eutychio
1741 3078 1985 3166 Mascula,
2009 3083 2070 3181 pie
2094 3095 2126 3156 et
2140 3081 2285 3178 fideliter
2302 3073 2334 3144 de

1467 3184 1560 3257 canti
1590 3180 1818 3278 evangelium
1852 3185 1892 3254 in
1926 3184 2076 3258 ecelesia
2104 3185 2307 3282 Augustam,

1786 3285 1906 3357 amico
1930 3311 2016 3371 sno,

1409 3399 1451 3496 S.
1473 3419 1519 3496 D.
1576 3421 1659 3512 Quo
1684 3423 1742 3491 die
1769 3435 1867 3492 tuam
1890 3424 2076 3513 epistolam
2101 3426 2234 3518 accepi,
2257 3423 2333 3506 inqu

1409 3523 1602 3614 significas,
1628 3537 1786 3593 senatum
1804 3539 1960 3594 vestrum
1977 3527 2139 3610 iussisse,
2161 3541 2199 3598 ut
2215 3529 2251 3596 de
2266 3523 2333 3590 sune

1409 3637 1585 3694 convento
1600 3625 1821 3711 deliberetis,
1843 3650 1884 3694 eo
1902 3625 1978 3716 ipso
1994 3628 2051 3696 die
2067 3643 2187 3700 nostra
2204 3626 2269 3696 aula
2280 3613 2334 3688 adit

1409 3725 1540 3796 similia
1556 3727 1721 3796 mandata
1739 3727 1847 3796 dedit.
1885 3723 2082 3824 Miratus¹)
2098 3753 2177 3800 sum
2191 3731 2227 3798 in
2240 3750 2268 3795 re
2284 3727 2334 3790 unit

1410 3828 1629 3912 tarditatem,
1654 3827 1719 3898 etsi
1735 3828 1845 3916 magis
1859 3829 1990 3914 miror,
2015 3854 2081 3900 cur
2100 3855 2196 3922 spem
2214 3823 2333 3898 ostentu

1410 3916 1551 3999 Coreto
1567 3927 1794 4020 Imperatori,
1808 3953 1844 3999 se
1862 3929 1998 4022 aliquid
2017 3946 2215 4004 mutaturos
2231 3949 2293 3998 esse.
2313 3909 2333 3982 lt

1409 4043 1548 4116 tamen,
1574 4031 1605 4098 si
1626 4054 1691 4100 nos
1710 4029 1838 4124 vere²)
1861 4055 2154 4122 congereremus,
2179 4030 2238 4102 hae
2257 4021 2329 4096 dell*

1411 4132 1565 4202 rationes
1591 4131 1728 4225 aliquid
1754 4131 1891 4200 adferre
1922 4133 2088 4205 utilitatis
2120 4137 2197 4206 orbi
2222 4135 2329 4202 terram

1412 4245 1565 4327 possent.
1620 4231 1725 4303 Nunc
1747 4233 1938 4302 domestica
1960 4235 2051 4305 bella
2075 4259 2168 4306 nova
2190 4235 2250 4306 ciet
2269 4233 2333 4296 11111

1411 4329 1620 4428 Pericles³).
1672 4333 1792 4404 Tonat
1814 4336 1981 4405 adversus
2005 4360 2084 4422 eos,
2117 4338 2178 4431 qui
2198 4327 2267 4426 περὶ
2284 4341 2335 4405 aql·

1411 4429 1536 4532 βόλων
1567 4428 1739 4528 σώματος
1767 4429 1832 4506 καὶ
1861 4435 2016 4530 αἱζιιατος
2034 4443 2194 4534 χριστοῦ
2219 4433 2296 4504 aliter
2309 4421 2335 4536 le

1413 4550 1590 4633 quantur,
1614 4559 1721 4629 quam
1743 4537 1817 4627 ipse
1840 4536 2018 4629 loquitur,
2042 4565 2083 4610 ac
2107 4566 2163 4610 me
2183 4541 2337 4632 quoqustl·

1412 4641 1552 4711 terdum
1576 4637 1711 4728 arripit.
1773 4635 1895 4731 ltaque
1919 4642 1965 4707 de
1986 4664 2042 4708 me
2067 4643 2156 4734 quid
2178 4641 2219 4710 sit
2236 4637 2337 4704 futurutu

1412 4739 1541 4810 nescio.
1591 4737 1764 4809 Fortassis
1788 4737 1827 4807 in
1853 4735 1919 4810 hac
1942 4756 2080 4812 senecta
2099 4742 2195 4813 brevi
2209 4731 2338 4828 mittere

1411 4842 1559 4912 landum
1574 4840 1660 4936 terit.
1716 4837 1795 4930 Ego
1827 4863 1892 4910 nec
1917 4844 2057 4934 defugio
2082 4815 2336 4914 11111111111111111Η

1448 5127 1491 5192 10)
1509 5125 1575 5180 Mst.
1587 5123 1658 5196 Nop.
1672 5135 1710 5180 et.

1444 5211 1490 5275 11)
1509 5207 1627 5262 Nomina
1640 5209 1789 5280 subscripta
1802 5217 1907 5263 tantum
1920 5209 1997 5266 habet
2012 5211 2074 5266 cod.
2091 5211 2157 5264 Bar.

1445 5295 1474 5362 1)
1493 5292 1580 5365 Gryn.
1594 5302 1739 5359 moratus,
1758 5294 1896 5350 mendose.
2093 5291 2102 5304 ‘

1444 5377 1472 5450 2)
1492 5377 1664 5451 qusm.

1436 5463 1474 5534 ,8)
1491 5465 1507 5520 i.
1521 5484 1546 5523 e.
1565 5463 1707 5522 Lotherue·

2232 2523 2245 2574 ,
2358 2459 2359 2490 .

2279 2727 2289 2775 ‘
