4842 6256
322 353 396 440 215

321 554 402 602 mus
423 529 484 614 sit,
516 528 814 623 quemadmodum
839 543 872 600 et
895 530 981 600 olim
995 529 1214 599 circumcisio
1230 541 1314 608 erat,

321 633 588 703 benevolentiae
611 656 651 702 ac
674 632 921 724 promissionis
944 633 1085 700 divinae
1105 631 1247 702 visibile
1262 646 1316 700 te-

322 734 548 817 stimonium,
573 757 634 803 seu
650 728 824 831 σφραγίς.

425 832 478 903 De
501 830 739 904 Ethuicorum
763 834 959 906 infantibus
983 859 1059 904 rem
1081 835 1150 904 tibi
1171 857 1234 924 per
1249 829 1318 902 Al-

324 934 463 1006 terrum
479 951 641 1006 nostrum
657 959 856 1026 proponere
871 937 950 1004 ideo
968 935 1083 1016 volui,
1116 935 1259 1028 utquid
1277 950 1317 1006 tu
1335 931 1337 943 '

321 1034 381 1108 hic
399 1037 530 1106 sentias
547 1037 635 1106 scire
658 1059 815 1128 possem,
847 1063 886 1106 ac
908 1061 947 1105 ex
970 1051 1030 1108 tua
1054 1037 1227 1106 sententia
1252 1039 1318 1106 do-

276 1193 280 1200 .
323 1140 474 1209 ctrinam
507 1161 623 1206 meam
657 1139 800 1206 demum
834 1140 1047 1210 moderarer.
1114 1137 1218 1208 Nunc
1252 1139 1317 1207 etsi

323 1242 418 1311 idem
436 1241 507 1307 iarn
524 1263 659 1308 mecum
676 1241 883 1328 cogitaram,
916 1254 990 1310 tum
1006 1265 1069 1332 per
1085 1255 1118 1310 te
1133 1240 1237 1309 etiarn
1254 1241 1318 1308 ad-

323 1343 482 1412 monitus
505 1336 598 1408 nihil
621 1337 729 1411 huius
752 1342 904 1432 amplius
928 1343 1061 1410 docebo
1073 1334 1127 1435 *),
1160 1352 1318 1434 praeser-

324 1445 388 1514 tim
406 1466 487 1512 cum
502 1456 560 1510 tua
576 1453 728 1527 statuas,
760 1467 836 1512 eam
860 1444 1057 1512 doctrinam
1081 1438 1149 1512 hoc
1174 1444 1316 1534 potissi-

323 1569 421 1612 mum
444 1559 619 1633 tempore,
653 1545 796 1616 nonita
821 1546 972 1614 multum
994 1543 1107 1639 facere
1131 1547 1175 1612 ad
1192 1542 1316 1613 Eccle-

324 1647 396 1714 siae
430 1644 731 1728 aedificationem,
771 1646 909 1714 etiamsi
940 1661 1024 1713 vera
1055 1659 1153 1718 esset.
1212 1641 1317 1716 Absit

325 1761 442 1816 autem
459 1741 653 1830 became,
674 1740 919 1836 miPhilippe,
953 1760 993 1818 ut
1016 1769 1078 1836 ego
1101 1747 1185 1815 novi
1206 1749 1316 1816 alicu-

323 1849 380 1919 ius
407 1847 580 1937 dogmatis
607 1860 710 1917 autor
730 1869 803 1916 esse
830 1849 954 1932 velim,
987 1851 1086 1941 ,quod
1112 1849 1315 1938 praesertim

324 1974 421 2020 nuuc
451 1949 635 2040 perturbet
665 1973 809 2041 quoquo
842 1951 946 2018 modo
966 1945 1204 2019 Ecclesianrm
1230 1973 1317 2019 con-

325 2051 505 2134 cordiam,
544 2063 606 2118 aut
634 2049 708 2118 sola
737 2045 891 2120 humana
920 2047 1147 2143 philosophia
1172 2053 1316 2121 nitatur.

325 2149 489 2240 Agnosco
506 2171 618 2218 meam
635 2150 710 2242 ipse
734 2152 954 2235 coecitatem,
989 2157 1084 2245 quod
1105 2155 1148 2222 ad
1170 2154 1317 2222 rationis

326 2253 498 2321 iudicium
517 2252 651 2324 attinet.
693 2247 741 2320 Et
757 2253 937 2322 ineffabile
953 2254 1041 2323 illud
1058 2253 1127 2323 Dei
1140 2267 1212 2345 opt.
1225 2279 1316 2326 max.

325 2379 406 2444 erga
431 2350 626 2423 humanum
647 2375 757 2443 genus
784 2355 1013 2438 beneficium,
1053 2379 1123 2446 quo
1150 2379 1185 2424 se
1212 2356 1317 2424 nobis

325 2455 425 2525 verbi
453 2455 508 2523 sui
538 2454 655 2523 divini
685 2457 887 2526 testimonio
916 2457 1095 2548 patefecit,
1137 2458 1227 2527 tanti
1251 2481 1316 2548 pro

324 2582 401 2628 mea
421 2557 623 2626 infirmitate
639 2559 734 2648 apud
752 2583 808 2626 mc
829 2559 939 2642 facio,
972 2571 1012 2629 ut
1032 2557 1086 2626 illi
1111 2559 1178 2628 soli
1200 2559 1318 2628 modis

324 2659 492 2728 omnibus
508 2652 646 2728 etmihi
663 2674 698 2730 et
716 2659 794 2728 aliis
812 2659 1044 2730 insistendum
1065 2673 1196 2750 putem.
1246 2657 1318 2728 Fa-

246 2755 269 2806 ,¹
324 2773 403 2831 teor
417 2762 519 2840 item,
546 2761 746 2853 omnesqui
763 2762 932 2831 traditum
955 2763 999 2832 ab
1021 2761 1084 2829 illo
1107 2774 1141 2830 et
1160 2761 1261 2830 verbi
1282 2773 1318 2830 et

325 2875 627 2932 sacramentorum
639 2861 875 2931 ministerium
889 2887 963 2932 nou
981 2864 1106 2932 volunt
1120 2885 1318 2953 agnoscere,

325 2987 384 3033 eos
399 2957 492 3031 nihil
508 2983 650 3054 prorsus
666 2986 781 3056 neque
797 2965 838 3032 ad
853 2960 1034 3033 Christum
1051 2988 1166 3057 neque
1182 2966 1224 3033 ad
1242 2965 1319 3032 eius

324 3063 518 3134 Ecclesiam
539 3065 727 3155 pertinere.
779 3062 844 3134 Est
867 3067 961 3186 eniap
986 3067 1177 3136 certissima
1196 3066 1317 3154 regula

288 3209 292 3214 ,
324 3162 459 3236 Christi
485 3167 563 3234 illa:
597 3163 665 3263 qui
691 3190 764 3234 non
790 3160 981 3259 crediderit
1006 3161 1317 3236 condemnabitur.

324 3267 375 3340 Et
389 3283 526 3338 tautum
544 3269 659 3352 abest,
692 3281 731 3336 ut
752 3269 874 3338 salutis
890 3267 1161 3360 promissionem
1176 3271 1220 3339 ad
1238 3293 1318 3338 coe-

324 3383 400 3440 tum
434 3371 626 3462 impiorum
649 3371 838 3439 transferre
861 3395 1018 3464 unquam
1041 3373 1237 3455 voluerim,
1277 3383 1319 3440 ut

901 351 1331 431 EPlSTOLARUM
1395 355 1504 432 LlB.
1541 357 1605 437 tx.
1660 355 1793 430 teta.

2266 361 2324 436 ttt

1372 555 1433 601 nas
1456 530 1633 618 miserias,
1660 531 1723 626 qui
1737 530 1920 600 neminem
1944 552 1962 598 a
1986 549 2047 600 sua
2069 528 2214 600 excludit
2227 533 2325 620 gratia,
2396 568 2397 611 1

1370 647 1403 702 et
1419 633 1623 704 universum
1647 634 1686 702 in
1703 629 1819 702 Adam
1841 632 2045 701 mortalium
2065 653 2172 720 genus
2193 635 2232 700 ad
2251 635 2324 704 salu·
2397 681 2398 694 .

1369 749 1439 805 tem
1457 737 1616 806 condidit
1631 735 1856 827 nominisque
1873 733 1929 802 sui
1942 733 2089 822 gloriam
2105 733 2324 820 immortalem

1369 840 1429 907 sed
1456 838 1698 927 voluntarium
1722 837 1761 904 in
1789 859 1828 904 ea
1860 833 2090 904 multitudine
2120 849 2325 925 contemptun

1369 941 1550 1024 damnari,
1572 953 1631 1024 nt,
1664 941 1750 1006 dum
1773 937 1927 1006 oblatam
1944 937 2090 1026 gratiam
2106 936 2265 1005 destinata
2278 962 2326 1004 vo·

1369 1042 1505 1110 luusate
1530 1041 1740 1124 contemnit,
1775 1039 1821 1106 ab
1846 1037 1906 1106 illa
1928 1039 1998 1106 lide
2024 1037 2175 1122 excidat,
2213 1039 2265 1106 sed
2283 1037 2326 1105 in·

1369 1142 1489 1228 terim,
1521 1144 1577 1211 vel
1599 1141 1729 1225 invita,
1757 1140 1887 1228 gloriae
1901 1136 1968 1208 Dei
1987 1139 2130 1222 serviat,
2162 1161 2199 1206 ac
2220 1161 2327 1228 poena-

1368 1266 1447 1312 rum
1466 1257 1687 1314 aeternarum
1705 1241 1951 1331 magnitudine
1968 1253 2131 1324 testetur,
2160 1236 2265 1308 Deum
2279 1241 2326 1306 do-

1368 1346 1506 1412 minum
1520 1347 1635 1414 solum
1651 1366 1744 1428 esse,
1775 1366 1880 1435 quem
1903 1355 1944 1411 ut
1965 1354 2100 1432 patrem
2121 1340 2327 1428 indulgentis-

1369 1445 1495 1515 simum
1513 1449 1630 1516 oblata
1646 1445 1685 1512 in
1701 1437 1842 1514 Christo
1865 1444 2013 1512 domino
2038 1443 2149 1512 salute
2170 1463 2327 1530 agnoscere

1368 1548 1524 1619 nolebat.
1581 1545 1767 1616 Caeterum
1790 1559 1831 1615 ut
1852 1539 1937 1613 huic
1958 1543 2180 1613 multitudini
2203 1543 2326 1612 infantes

1371 1673 1511 1740 quoque
1536 1649 1776 1729 includamus,
1808 1647 1846 1715 id
1865 1670 1950 1714 vcro
1973 1669 2046 1713 non
2071 1647 2118 1714 ita
2141 1639 2226 1712 mihi
2242 1641 2328 1724 facile,

1369 1763 1411 1818 ut
1432 1751 1583 1839 ingenue
1604 1773 1726 1818 verum
1750 1749 1879 1832 fatear,
1913 1745 2134 1837 escripturis
2154 1744 2327 1836 praesertin

1369 1852 1574 1941 persuaderi
1608 1845 1725 1918 adhuc
1757 1871 1919 1939 possum3
1960 1849 2031 1916 imo
2065 1871 2149 1917 vero
2181 1847 2329 1914 diversum

1370 1947 1460 2020 mihi
1479 1953 1641 2041 colligere
1657 1973 1758 2042 posse
1774 1951 1908 2022 videor.
1959 1947 2029 2020 Sed
2045 1963 2183 2032 tamen,
2206 1948 2250 2016 mi
2264 1941 2329 2014 Phi·

1370 2053 1483 2145 lippe,
1521 2054 1674 2121 libenter
1708 2046 1766 2121 hic
1799 2073 1925 2144 sequar
1957 2050 2132 2120 iudicium
2164 2062 2272 2119 tuum:
2305 2055 2329 2112 et

1370 2169 1597 2248 posteaquam
1615 2167 1653 2224 tu
1668 2153 1819 2235 iudicas,
1849 2151 1974 2222 utilem
1992 2175 2065 2220 non
2082 2153 2158 2221 fore
2172 2173 2259 2220 nunc
2274 2167 2328 2216 ean

1370 2258 1590 2340 doctrinam,
1617 2256 1645 2324 si
1660 2267 1864 2343 urgeretur,
1894 2277 1954 2323 ero
1972 2268 2006 2324 et
2021 2275 2085 2342 ego
2102 2254 2258 2341 deinceps
2270 2271 2329 2316 mu

1371 2373 1444 2445 tus,
1479 2360 1593 2426 donec
1616 2359 1652 2426 id
1675 2356 1855 2426 intennos
1877 2357 1983 2424 semel
2007 2357 2199 2450 aliquando
2219 2351 2267 2419 vel
2287 2372 2329 2416 co-

1368 2485 1464 2544 ram,
1497 2461 1594 2552 quod
1615 2458 1766 2528 maxime
1790 2456 1961 2553 optarim,
1993 2456 2050 2526 vcl
2073 2482 2138 2550 per
2161 2456 2268 2526 literas
2287 2473 2329 2518 er-

1370 2562 1556 2634 cutiamus.
1613 2557 1689 2648 Ego
1717 2560 1811 2627 enim
1843 2561 1928 2627 dum
1953 2569 1985 2627 et
2007 2560 2162 2649 plurima
2183 2571 2215 2625 et
2236 2553 2329 2622 eaden

1369 2663 1497 2734 eximia
1513 2663 1604 2732 dona
1620 2657 1688 2730 Dei
1703 2661 1741 2729 in
1757 2676 1791 2730 te
1805 2661 1964 2743 intueor,
1989 2673 2023 2729 tc
2040 2685 2154 2729 unum
2170 2682 2237 2727 esse
2250 2655 2329 2722 etian

1370 2777 1485 2835 statuo
1500 2765 1593 2857 apud
1611 2786 1716 2856 quem
1730 2763 1913 2832 effundere
1928 2762 2076 2831 debeam
2093 2761 2236 2832 omnino
2249 2753 2330 2848 quid·
2397 2765 2398 2768 ’

1371 2867 1457 2960 quid
1482 2866 1520 2936 in
1544 2865 1663 2936 animo
1684 2888 1765 2932 mco
1787 2861 2052 2934 dubitationum
2071 2861 2256 2932 oboriatur.
2297 2847 2330 2920 Εἰ

1369 2969 1460 3038 lacio
1484 2969 1521 3036 id
1549 2990 1633 3037 sane
1655 2989 1792 3035 summa
1815 2989 1894 3034 cum
1915 2963 2065 3048 fiducia,
2089 2979 2165 3036 tum
2185 2963 2329 3032 libertam
2396 2960 2397 2971 ¹

1372 3095 1409 3138 ea
1427 3091 1507 3161 spe,
1533 3083 1660 3138 utnon
1678 3067 1853 3148 dubitem,
1888 3078 1922 3134 te
1943 3061 2011 3134 hoc
2033 3090 2100 3155 pro
2118 3079 2179 3135 tua
2196 3053 2330 3130 humani·

1371 3185 1441 3242 tate
1456 3193 1592 3262 proque
1607 3161 1797 3239 christiana
1818 3162 1986 3243 charitate
2008 3167 2096 3236 boni
2118 3163 2331 3237 consultumm

1371 3297 1462 3358 esse,
1487 3273 1596 3364 inque
1613 3271 1781 3361 optimam
1799 3281 1932 3358 partem
1949 3269 2267 3358 interpretaturum.

1470 3369 1524 3442 De
1541 3396 1650 3442 coena
1664 3369 1801 3440 domiui
1816 3373 1950 3459 gaudeo
1965 3370 2030 3439 tibi
2044 3370 2192 3460 probari
2206 3375 2329 3435 nostram

325 3465 394 3541 hoc
417 3471 580 3561 inprimis
602 3473 748 3540 nomine
768 3496 842 3540 non
865 3465 955 3542 ben'e
978 3468 1037 3540 hic
1060 3473 1199 3543 audiam
1222 3474 1316 3564 apud
1369 3469 1639 3566 sententiam*).
1702 3469 1848 3562 Utinam
1882 3471 2041 3554 caiam,
2085 3495 2171 3561 pace
2201 3461 2330 3538 omniun
2390 3482 2395 3551 5

325 3573 509 3664 imperitos
538 3575 708 3665 quosdam
734 3574 864 3662 gratiae
889 3574 1095 3660 iactatores,
1131 3575 1226 3667 quod
1252 3577 1318 3643 do-

325 3699 442 3759 ceam,
484 3675 735 3765 promissiones
756 3673 823 3743 Dei
851 3677 895 3744 ad
920 3685 1177 3766 contemptores
1201 3699 1317 3769 neque

326 3776 537 3870 pertinuisse
560 3799 737 3868 unquam,
775 3799 890 3868 neque
915 3799 1014 3866 posse
1036 3777 1183 3847 omnino
1209 3777 1319 3869 perti-

326 3901 422 3952 nere.
473 3877 620 3968 Loquor
635 3891 750 3946 autem
765 3878 808 3947 de
826 3901 867 3947 eo
881 3889 1104 3966 contemptu¹
1141 3879 1204 3971 qui
1221 3880 1318 3950 dela-

325 3993 396 4050 tam
423 3978 460 4048 in
480 3974 626 4047 Christo
650 3980 797 4048 salutem
824 3981 978 4070 speruit,
1008 3975 1250 4070 blasphemat,
1285 3993 1319 4049 et

326 4081 429 4150 ridet.
487 4077 563 4148 lmo
585 4104 669 4150 vero
691 4075 759 4148 hoc
782 4081 899 4170 ipsum
922 4081 1132 4166 discrimen,
1166 4083 1262 4176 quod
1279 4096 1318 4153 tu

327 4182 523 4263 intereos,
559 4181 620 4273 qui
648 4205 768 4249 vocem
790 4179 857 4251 Dei
885 4205 959 4251 sese
989 4177 1226 4273 patefacienlis
1255 4207 1319 4254 au-

326 4283 450 4366 diunt,
477 4281 587 4374 etqui
603 4281 701 4350 illam
720 4297 968 4365 contemnunt,
995 4287 1220 4354 statuendum
1246 4307 1319 4354 esse

327 4399 445 4476 putas:
480 4379 547 4452 hoc
571 4383 688 4474 ipsum
712 4384 919 4468 discrimen,
953 4387 1115 4478 inquam,
1149 4387 1254 4471 facit,
1279 4400 1319 4456 ut

328 4483 417 4554 mihi
435 4485 558 4564 videar
575 4507 638 4574 ego
656 4485 700 4553 de
717 4486 876 4554 omnium
894 4487 1026 4578 ubique
1050 4487 1240 4558 infantium
1262 4512 1318 4556 sa-

329 4587 403 4656 lute
421 4589 511 4656 bene
527 4609 667 4675 sperare
683 4609 800 4677 posse:
836 4589 966 4656 nedum
988 4601 1027 4658 ut
1048 4590 1086 4656 in
1107 4585 1200 4657 hanc
1223 4591 1318 4677 cogi-

329 4691 500 4758 tationem
526 4688 691 4777 dclapsus
713 4686 798 4766 situ,
837 4712 878 4756 ex
901 4689 974 4757 ulla
999 4689 1233 4759 admiratione
1262 4691 1318 4758 in-

328 4813 516 4861 numerare
531 4789 628 4858 illius
643 4787 893 4873 multitudinis,
918 4813 1023 4882 quam
1041 4790 1080 4858 in
1095 4815 1193 4860 suam
1211 4793 1319 4880 ipsius

329 4890 522 4982 perniciem
538 4890 624 4958 ferri
638 4903 713 4960 toto
728 4903 902 4959 terrarum
919 4892 1005 4960 orbe
1020 4892 1191 4962 videmus.
1216 4891 1319 4972 Hauc

329 4993 496 5084 equidem
521 5015 658 5081 semper
680 4992 873 5061 statuebam
895 4993 1056 5061 damnari
1076 4993 1318 5064 iustoiudicio

329 5091 416 5177 Dei,
447 5117 561 5186 neque
586 5105 703 5163 tamen
725 5095 904 5164 conditam
926 5117 998 5164 esse
1018 5094 1131 5165 aDeo
1148 5098 1193 5164 ad
1208 5112 1320 5167 aeter-

339 5273 548 5291 *1.-

363 5389 392 5460 *)
411 5391 440 5444 ld
461 5369 673 5446 tameo‘factum
691 5411 748 5446 esre
769 5411 798 5446 ex
813 5410 856 5462 ep.
868 5389 894 5446 d.
909 5391 949 5446 15.
962 5389 1013 5447 lul.
1028 5391 1101 5450 1545.
1117 5391 1209 5464 colligi
1224 5403 1320 5464 potest,

400 5458 578 5532 ninneton,
603 5458 730 5514 Lesbium
749 5461 801 5514 iem
819 5472 963 5532 antequam
982 5459 1049 5516 baec
1066 5463 1199 5518 scriberet
1217 5464 1317 5520 librum

397 5529 492 5602 illum,
511 5538 602 5601 postea
615 5527 648 5582 ad
663 5530 805 5585 arbertum
818 5529 925 5585 Ducem
939 5528 1067 5604 mesum,
1083 5531 1232 5604 scripsisse.

1369 3573 1628 3660 Ecclesiarum,
1660 3573 1820 3644 obtinere
1843 3575 1985 3642 demum
2006 3573 2129 3662 possit.
2187 3569 2259 3640 Tua
2276 3579 2331 3630 ear·
2390 3624 2393 3645 ,

1370 3678 1467 3747 mina
1484 3679 1528 3747 de
1545 3675 1648 3746 Mose
1669 3677 1708 3744 in
1723 3698 1871 3743 caverna
1884 3687 2001 3763 petrae
2017 3660 2285 3760 c'onstituto**).
2304 3678 2332 3724 ²⁹

1370 3803 1513 3852 rursum
1529 3781 1574 3847 de
1591 3799 1753 3868 percussa
1773 3799 1836 3866 per
1858 3775 1961 3844 illum
1981 3788 2100 3866 petra,
2133 3793 2253 3862 magna
2273 3780 2333 3874 ‘ul'

1371 3883 1551 3972 voluptate
1566 3879 1646 3970 legi.
1697 3877 1806 3946 Plane
1830 3876 1880 3945 sie
1905 3890 1971 3946 est:
2004 3877 2068 3968 qui
2090 3873 2138 3945 iu'
2155 3874 2237 3964 legis
2250 3866 2334 3973 ruina

1370 3984 1478 4053 sterio
1493 3981 1600 4072 positi
1616 3979 1713 4050 illius
1730 3977 1885 4048 ministri
1904 3977 2020 4047 videri
2040 3980 2188 4060 volunt,
2218 3972 2264 4041 illi
2285 3966 2335 4076 ipft

1372 4085 1533 4154 omnium
1556 4082 1759 4172 gravissime
1784 4103 1878 4150 nilne
1901 4093 2035 4169 petram
2052 4079 2091 4148 iu
2107 4073 2267 4147 membris
2281 4081 2335 4134 sus

1371 4187 1521 4269 feriunt,
1552 4181 1639 4253 haec
1661 4207 1768 4274 porro
1792 4183 1860 4250 icta
1880 4205 2008 4274 aquam
2030 4177 2261 4250 nihilominus
2275 4165 2335 4236 red·

1372 4291 1442 4372 dit,
1469 4287 1577 4380 idque
1592 4298 1690 4355 tanto
1704 4283 1881 4376 copiosius
1897 4297 2030 4374 quanto
2045 4276 2282 4352 vehementius
2299 4267 2337 4334 lt·

1373 4391 1473 4462 ritur.
1530 4385 1579 4457 Et
1609 4388 1707 4455 nulla
1733 4386 1846 4456 maior
1869 4383 2063 4453 consolatio
2089 4379 2211 4452 haberi
2233 4376 2336 4467 potest.

1372 4515 1475 4584 quam
1500 4491 1585 4558 dum
1610 4500 1704 4557 certo
1727 4486 1932 4568 statuimus,
1972 4486 2113 4576 protegi
2147 4491 2212 4551 hos
2241 4479 2337 4586 dexlrt

1372 4591 1439 4661 Dei
1468 4593 1653 4682 propterea
1684 4589 1778 4682 quod
1805 4609 1870 4657 nos
1893 4588 1932 4655 in
1952 4610 2104 4656 caverna
2127 4598 2241 4676 petrae
2261 4574 2336 4644 illios

1372 4694 1544 4776 invictae,
1594 4715 1683 4783 quae
1718 4691 1828 4759 nullis
1866 4701 2055 4757 ventorum
2095 4699 2159 4758 aut
2192 4683 2336 4752 fluctum

1373 4795 1567 4890 quamlibet
1583 4791 1810 4861 saevientium
1828 4789 1930 4859 stiriis
1945 4789 2023 4858 loco
2040 4813 2106 4858 suo
2127 4779 2260 4856 moveri
2277 4781 2336 4867 pol·

1373 4911 1441 4976 est,
1469 4895 1676 4966 constitutos
1693 4917 1765 4964 esse
1780 4893 1952 4960 videmus.
2001 4888 2180 4959 Dominus
2197 4879 2339 4985 adaogtffl

1373 4997 1476 5067 uobis
1490 5021 1564 5066 eam
1581 4997 1706 5076 fidem,
1736 5007 1775 5064 ut
1789 5007 1927 5064 tanturn
1942 4992 2040 5061 illius
2057 4985 2263 5060 beneficium
2278 4993 2340 5045 3111·

1373 5101 1441 5169 mis
1457 5100 1586 5168 nostris
1601 5097 1749 5167 firmiter
1764 5097 1974 5186 impressum
1988 5089 2120 5164 habere
2131 5105 2265 5179 semper
2275 5093 2340 5170 pot·

1379 5319 1602 5334 W

1405 5449 1435 5519 l¹)
1456 5451 1519 5505 Vid.
1534 5465 1603 5521 quae
1617 5456 1712 5502 eontra
1725 5443 1831 5498 monuit
1845 5443 1910 5499 Mel.
1926 5441 1952 5497 d.
1970 5442 2010 5496 15.
2023 5437 2073 5494 lul.
2090 5435 2165 5492 1⁵4⁵.

1405 5533 1453 5605 **)
1471 5533 1581 5604 Legitur
1591 5530 1646 5587 boc
1660 5547 1769 5588 carmen
1783 5529 1811 5582 in
1825 5530 1910 5600 epigr.
1924 5525 1992 5582 Mel.
2011 5543 2037 5598 p.
2049 5525 2075 5578 2.
