4842 6256
68 369 147 444 ers
653 312 1091 431 nemroeanutu
1146 346 1254 426 Lm.
1293 343 1358 425 1x.
1409 342 1544 424 1543.
2045 319 2150 428 214'

68 532 588 628 mercatoribusproficiscitur.
629 525 857 602 Existimavit
873 541 989 598 autem
1005 523 1074 596 sibi
1126 515 1320 605 Ecclesiam
1335 513 1493 590 Christi?
1526 519 1562 589 id
1586 523 1681 613 quod
1705 534 1743 592 tu
1767 515 1855 590 mihi
1880 522 2045 614 equidem
2068 523 2122 594 al-

70 643 187 716 amieo
202 642 326 734 aliquo
343 633 447 706 isthic
464 658 552 727 opus
568 655 660 717 esse,
694 633 756 726 qui
771 633 847 700 loca
864 645 897 700 et
911 625 1073 699 homines
1127 624 1266 691 liemare
1291 621 1553 714 quodammodo
1576 623 1667 691 velle
1691 624 1785 692 visus
1811 648 1863 693 es:
1899 649 1962 711 ego
1984 629 2028 696 de
2051 649 2119 696 no·

71 756 310 820 monstraret,
337 761 424 832 quos
442 748 681 807 conventurus
699 748 760 805 est.
812 730 986 801 Fortassis
1007 729 1073 798 ali·
1127 737 1297 806 strornm,
1325 718 1391 791 boe
1408 738 1475 807 est,
1509 725 1552 792 de
1568 720 1851 794 Christianorum
1870 727 2039 796 duntaxat
2062 727 2120 796 in-

73 850 161 944 quid
187 843 321 915 labori,
346 841 413 908 ,ibi
439 838 666 930 imponimus.
729 834 800 904 Sed
824 835 858 901 id
886 833 966 902 volo
991 853 1074 913 esse,
1125 826 1284 904 lantibus
1306 826 1537 916 quaerebam,
1576 826 1635 916 qni
1661 827 1704 894 ad
1727 823 1861 897 'l'urcas
1885 841 1946 896 aaut
1969 824 2119 921 Scythas

75 963 215 1021 ganeum
238 969 280 1014 ex
305 967 346 1011 eo
365 964 509 1032 genere,
542 941 586 1008 de
613 961 683 1030 quo
704 936 824 1028 inquit
845 931 984 1004 Cicero:
1021 928 1073 1004 Ut
1127 928 1163 997 in
1182 939 1388 1016 perpetuum
1407 926 1522 994 abacti
1538 927 1742 997 servitutem
1757 929 1848 1011 inter
1872 927 1952 996 illos
1974 929 2118 1000 interim

80 1047 209 1134 homo,
226 1043 300 1216 qui
311 1039 454 1112 erranti
465 1038 610 1110 comiter
621 1044 804 1107 monstrat
821 1033 937 1116 viam,
964 1030 1077 1130 quasi
1128 1030 1165 1095 in
1180 1029 1344 1115 coniugio
1362 1040 1748 1117 versantes-generant,
1782 1043 1815 1100 et
1836 1046 1954 1100 tamen
1975 1033 2116 1102 nullum

87 1150 210 1222 lumen

89 1253 202 1324 demia
224 1263 342 1320 nostra
363 1259 396 1318 et
413 1246 540 1318 didicit
556 1256 590 1312 et
607 1241 737 1314 docuit.
789 1238 1075 1309 Nuncavocatur
1126 1231 1305 1322 privatum
1333 1228 1569 1320 ministerium
1600 1233 1701 1302 verbi
1725 1244 1784 1302 aut
1809 1247 2118 1310 sacramentorum,

85 1359 129 1426 ad
155 1377 209 1424 res
232 1349 454 1422 domesticas.
511 1343 608 1414 Bene
632 1357 667 1414 et
688 1340 839 1411 feliciter
860 1339 948 1412 vale.
1006 1337 1074 1407 Die
1128 1331 1312 1401 Addebam
1340 1347 1374 1402 et
1393 1355 1473 1416 eos,
1508 1323 1568 1424 qui
1592 1332 1796 1424 suuPapae
1822 1336 2009 1427 tyrannide
2031 1361 2117 1405 con-

249 1135 702 1217 asuolumineaccendal.
729 1152 794 1211 ctc.
838 1136 910 1207 Diu
927 1138 966 1204 in
982 1132 1074 1205 Aea·
1126 1126 1256 1198 habere
1272 1128 1467 1218 legitimum
1494 1143 1640 1220 possunt
1663 1154 1777 1224 neque
1799 1129 1980 1221 publicum
2004 1154 2119 1226 neque
2231 1159 2236 1166 ·

79 1481 151 1550 quo
170 1465 252 1524 ante
269 1475 380 1523 annos
395 1453 446 1524 86
464 1470 563 1518 meus
584 1459 683 1536 pater
700 1456 862 1512 mortuus
878 1455 948 1525 est,
973 1439 1074 1508 vide-

93 1561 101 1576 .
392 1553 401 1568 ·
429 1545 449 1588 s

76 1550 420 1628 trcec27.0ctobr1s
450 1550 467 1647 )
535 1644 762 1740 jsphffippus
779 1637 1025 1714 Melantho&

75 1829 1073 1862 .....-.--------—--------

69 1977 139 2050 No.
158 1973 274 2047 2788.

77 2070 259 2104 Μ

237 2157 277 2240 Ι.
297 2184 326 2238 o
340 2151 487 2236 Losko
504 2149 566 2234 ad
581 2120 916 2233 Melan‘tlaonem.

147 2319 229 2376 Edita
243 2338 258 2372 a
274 2317 414 2374 Gabbema
431 2314 460 2370 in
475 2332 535 2386 epp.
548 2310 650 2368 claror.
661 2305 754 2362 Viror.
767 2324 794 2378 p.
806 2305 867 2360 495.
884 2333 921 2346 -
956 2301 1075 2372 Epistola

182 2387 384 2456 Melanthonis,
409 2381 588 2465 Colpnieelad
603 2380 642 2434 lo.
656 2375 771 2460 ².L⁸¹l⁰
791 2375 891 2458 scripta¹
909 2371 1004 2446 periit,
1027 2371 1075 2425 sed

183 2477 215 2512 ex
236 2458 291 2512 hoc
308 2472 440 2539 responso
462 2450 623 2535 intelligitur
641 2448 706 2519 qutd
725 2465 748 2528 ep
767 2452 913 2525 scripserat.
950 2441 992 2494 Ad
1006 2439 1076 2494 hanc

182 2524 426 2650 tltbtlttlltl
442 2513 767 2644 tff'lt'tlfltlltffi
783 2510 913 2635 liiliuff
928 2509 1075 2632 lllt'tt':

184 2643 1075 2814 carelessness{alatainritatae,

183 2782 1075 2946 ltdtl'tllttltttdlb¹llal⁶l⁵tnsstld,lattlttll

183 2938 297 2992 lanthon
311 2953 413 3007 possim
430 2932 462 2987 de
475 2932 532 2985 eius
549 2929 723 3002 opinioncbus
735 2925 860 2998 scripsit,
886 2942 944 2978 cam
964 2922 1009 2976 lue
1026 2921 1075 2975 ab·

184 3025 241 3061 esse
257 3004 345 3060 nolui.

942 1975 976 2034 2.
993 1963 1072 2028 Nor.

938 2060 1070 2086 M

113 3161 324 3238 Ioannes
351 3185 376 3230 a
401 3155 558 3232 Lasso
589 3147 823 3251 Philippo
847 3145 1045 3221 Melan-

265 3313 274 3324 ·
503 3254 649 3331 thoni
1040 3268 1046 3274 ·

76 3381 209 3476 Video
223 3413 258 3470 te
273 3392 440 3469 nonnihil
456 3395 630 3465 offensum
646 3388 753 3458 luisse
768 3385 880 3456 literis
893 3385 999 3468 meis,
1021 3384 1078 3452 vir

77 3501 303 3586 doctissime,
327 3500 434 3592 idque
452 3522 492 3566 ex
507 3493 635 3564 aemuli
653 3489 835 3560 cniusdam
851 3487 937 3569 mei,
964 3509 1078 3577 quan-

79 3621 166 3676 tum
182 3601 304 3687 audio,
328 3599 574 3690 instigatione,
600 3593 680 3686 qui,
711 3606 753 3662 ut
774 3588 959 3658 dissidium
985 3588 1077 3658 inter

79 3729 152 3778 nos
186 3719 332 3788 sereret,
383 3727 423 3771 ae
455 3702 538 3769 inde
565 3697 717 3787 'demum
760 3692 857 3760 illins
897 3700 1077 3781 praetextu

79 3831 228 3880 omnem
247 3801 336 3875 mihi
351 3801 594 3874 auctoritatem
609 3797 813 3885 abrogaret,
838 3789 1025 3879 Evangelii
1041 3811 1077 3858 se

81 3912 283 3982 studiosum
300 3908 392 3998 apud
410 3918 444 3976 te
460 3901 630 3992 lingebat,
656 3893 764 3966 horno
780 3883 914 3986 alioqui
932 3916 1006 3960 non
1021 3891 1077 3959 in-

81 4016 228 4094 doctus,
253 4011 312 4079 sed
327 4003 513 4094 Evangelii
528 4021 685 4072 summus
700 4011 734 4066 et
749 3997 837 4064 mire
851 3994 1000 4066 callidus
1016 3995 1079 4060 ad-

82 4113 273 4184 versarius.
330 4108 480 4180 Causam
504 4118 620 4174 autem
643 4097 850 4168 offensionis
872 4119 947 4164 eam
971 4095 1078 4163 fuisse

83 4215 267 4303 intelligo,
300 4209 399 4303 quod
419 4209 457 4278 in
478 4206 550 4275 illis
570 4204 666 4273 visus
685 4200 751 4271 tibi
765 4199 831 4268 sim
847 4197 1002 4268 tribuere
1022 4219 1077 4263 sa·

84 4319 197 4386 lutem
214 4313 412 4383 infantibus
428 4309 590 4380 omniurn
603 4299 853 4376 Ethnicorum.
886 4295 965 4386 Ego
982 4322 1080 4381 vero,

83 4421 135 4488 mi
154 4413 343 4506 Philippe,
377 4413 442 4482 etsi
466 4433 541 4479 non
566 4429 710 4500 prorsus
734 4425 868 4474 caream
885 4399 1078 4489 scripturae

84 4517 320 4600 testimoniis,
351 4515 480 4607 quibus
498 4512 535 4580 id
550 4505 642 4578 mihi
658 4507 749 4576 tueri
765 4527 866 4596 posse
879 4501 1020 4584 videor,
1045 4513 1080 4569 et

83 4635 195 4714 puto,
220 4620 256 4686 id
272 4619 316 4686 ad
333 4612 465 4688 Christi
480 4609 628 4704 gloriam
645 4607 808 4699 inprimis
823 4603 1015 4694 pertinere,
1040 4616 1081 4672 ut

84 4725 186 4793 illius
211 4718 419 4790 beneficium
444 4739 550 4808 quam
575 4712 743 4781 latissime
767 4722 884 4798 patere
906 4727 947 4772 ex
972 4703 1080 4772 verbo

82 4824 155 4898 Dei
170 4825 380 4903 doceamus,
413 4832 528 4887 tamen
554 4815 593 4882 in
615 4836 691 4880 mea
708 4811 752 4878 ad
771 4823 803 4878 te
822 4806 971 4898 epissola
988 4798 1080 4872 nihil

85 4923 197 4998 huius
221 4923 393 5010 attingere
416 4919 599 4998 volebam,
641 4909 929 5005 quandoquidem
952 4905 987 4974 id
1015 4905 1082 4973 tibi

86 5053 154 5120 per
176 5021 368 5094 Albartnm
392 5007 742 5118 [Hardenbergium]
770 5023 933 5081 nostrum
965 5020 1083 5076 trans-

85 5129 207 5200 missis
232 5129 275 5198 ad
298 5141 332 5196 te
352 5122 490 5214 scriptis
507 5119 720 5214 quibusdam
735 5112 822 5182 meis
837 5109 1082 5199 significaram.

86 5231 161 5304 Sed
183 5255 265 5300 carm
289 5227 329 5296 in
351 5221 419 5294 hoc
441 5221 663 5316 potissimum
687 5229 806 5284 nostra
828 5224 989 5280 versatur
1011 5209 1082 5277 dis-

85 5332 247 5426 putatio,
281 5354 326 5398 an
353 5347 415 5420 per
437 5323 651 5414 baptismum
675 5316 816 5411 proprie
832 5313 1031 5382 inseramur
1045 5311 1082 5378 in

87 5467 317 5490 ..--—--

125 5539 157 5608 ἵ)
174 5539 235 5594 ntia
249 5553 345 5592 manus
359 5528 499 5603 adscripsit
511 5547 574 5582 ann.
588 5523 663 5582 15⁴3.

1127 1434 1257 1517 stituti,
1290 1433 1328 1500 in
1347 1427 1412 1500 hac
1429 1434 1497 1500 iam
1515 1435 1719 1522 praesertim
1733 1433 1920 1524 Evangelii
1943 1437 2019 1506 luce
2043 1461 2118 1508 non

1048 1561 1053 1578 ·
1127 1535 1277 1624 amplius
1290 1534 1358 1603 sibi
1375 1557 1453 1602 cum
1470 1529 1604 1604 Christi
1620 1537 1829 1606 adversariis
1844 1551 1989 1628 propter
2004 1539 2119 1608 offen-

1127 1636 1242 1719 dicula
1258 1635 1591 1704 communicandum
1604 1659 1677 1706 esse
1690 1651 1826 1728 putant.
1857 1636 1996 1708 Horum
2011 1665 2117 1730 porro

1126 1737 1287 1807 omnium
1303 1736 1501 1806 infantibus
1514 1737 1543 1806 si
1560 1737 1706 1808 salutem
1724 1740 1932 1819 tribuimus,
1960 1743 2117 1831 profecto

1126 1862 1241 1930 neque
1258 1863 1278 1906 a
1294 1833 1435 1908 Christo
1456 1839 1537 1908 illos
1558 1835 1669 1932 (extra
1689 1866 1792 1935 quem
1811 1843 1907 1910 nulla
1927 1854 1979 1910 est
1995 1841 2118 1936 salus),

1127 1964 1241 2032 neque
1265 1940 1348 2010 item
1372 1941 1417 2009 ab
1440 1939 1515 2009 eius
1535 1937 1691 2010 Ecclesia
1717 1944 1900 2012 excludere
1920 1966 2117 2032 possumus,

1127 2041 1264 2110 etiamsi
1293 2064 1367 2110 non
1398 2041 1631 2132 baptizentur.
1691 2041 1740 2112 Et
1766 2044 1917 2134 proinde
1945 2068 2011 2113 nos
2043 2070 2117 2116 non

1128 2157 1199 2212 tam
1234 2143 1342 2210 inseri
1376 2144 1540 2233 propriae
1573 2139 1751 2214 Ecclesiae
1790 2170 1853 2235 per
1892 2146 2118 2234 baptismum,

1127 2269 1233 2337 quam
1261 2243 1468 2312 insitionem
1493 2257 1648 2314 nostram
1674 2247 1791 2336 potius
1813 2248 2046 2338 promissione
2072 2252 2116 2320 ad

1127 2370 1192 2415 nos
1221 2345 1372 2414 delatam
1400 2344 1459 2413 vel
1480 2369 1542 2435 per
1562 2346 1718 2434 sigillum
1742 2351 1921 2440 quoddam
1944 2350 1981 2417 in
2009 2344 2118 2422 hoca

1126 2443 1269 2518 Christo
1285 2447 1430 2516 domino
1446 2446 1647 2523 institutum
1664 2449 1856 2539 obsignari.

1229 2546 1325 2616 llaec
1348 2562 1422 2617 erat
1442 2548 1609 2640 epistolae
1635 2575 1730 2620 meae
1754 2574 1890 2620 summa
1914 2552 2008 2645 quod
2038 2554 2119 2644 qui-

1128 2653 1207 2720 dem
1240 2653 1283 2719 ad
1318 2651 1470 2718 inlantes
1499 2664 1535 2721 et
1562 2651 1778 2741 baptismum
1802 2654 1938 2725 attinet.
1996 2651 2118 2747 Neque

1128 2765 1213 2844 puto
1237 2765 1271 2821 te
1294 2753 1576 2842 improbaturum
1602 2753 1708 2822 luisse
1731 2777 1787 2837 ea,
1819 2780 1908 2846 quae
1928 2757 1969 2822 ad
1989 2757 2119 2826 confir-

1128 2857 1293 2922 mandam
1310 2848 1401 2921 hanc
1415 2877 1527 2922 meam
1542 2855 1753 2924 sententiam
1770 2857 1969 2926 adferebam
1979 2851 2027 2948 ᾖ),
2049 2858 2119 2926 nisi

1129 2979 1165 3024 se
1185 2955 1252 3026 tibi
1275 2968 1350 3024 tum
1375 2956 1498 3045 parurn
1522 2951 1613 3024 mihi
1636 2979 1768 3049 aequus
1788 2957 1961 3049 interpres
1976 2959 2036 3028 ille
2054 2960 2121 3029 ob-

1129 3057 1299 3128 trusisset.
1341 3052 1418 3145 Ego
1434 3057 1540 3137 enirn,
1565 3057 1616 3125 mi
1631 3052 1808 3151 Philippe,
1823 3084 1909 3136 ‚non
1924 3060 2004 3130 ideo
2021 3060 2120 3132 elevo

1129 3158 1296 3250 baptismi
1312 3181 1415 3226 usum
1438 3171 1498 3227 aut
1520 3157 1748 3248 dignitatem,
1780 3164 1877 3252 quod
1898 3165 2026 3242 doceo,
2056 3162 2121 3234 illo

1130 3283 1204 3328 non
1227 3273 1297 3328 tam
1325 3259 1465 3348 proprie
1488 3283 1552 3328 nos
1575 3261 1685 3330 inseri
1707 3263 1744 3330 in
1765 3257 1958 3332 Ecclesiam
1976 3258 2121 3348 Christi,

1130 3385 1235 3453 qnam
1259 3360 1462 3428 insitionem
1487 3373 1644 3430 nostram
1668 3363 1788 3452 potius
1813 3362 2047 3452 promissione
2075 3367 2122 3433 ad

1130 3485 1194 3530 nos
1227 3460 1377 3528 delatam
1411 3460 1608 3548 obsignari:
1645 3463 1706 3530 sed
1737 3463 1921 3552 proprium
1954 3464 2123 3552 baptismi

1129 3564 1234 3632 linem
1252 3561 1394 3644 indico,
1418 3563 1569 3630 eundem
1586 3585 1689 3647 sane,
1719 3587 1824 3654 quem
1840 3561 1974 3634 Paulus
1996 3564 2123 3637 tribuit

1130 3662 1410 3742 circumcisioni,
1454 3665 1539 3732 dum
1574 3664 1672 3732 illam
1702 3678 1842 3734 nostrae
1872 3667 2122 3757 acceptationis

1130 3759 1325 3863 σφραγῖδα
1341 3787 1413 3834 esse
1431 3765 1543 3838 docet.
1594 3762 1786 3837 Promissio
1810 3766 1907 3837 enim
1929 3791 1994 3838 nos
2010 3783 2123 3838 certos

1130 3869 1265 3951 reddit,
1304 3863 1419 3936 Deum
1453 3889 1525 3935 esse
1561 3879 1721 3936 nostrum
1758 3881 1791 3938 et
1825 3871 1970 3940 seminis
2008 3869 2121 3938 nostri

1129 3969 1265 4052 Deum,
1300 3991 1435 4061 nosque
1461 3967 1617 4035 vicissim
1641 3992 1712 4037 una
1737 3995 1823 4063 cum,
1842 3971 1974 4040 semine
1999 3985 2121 4042 nostro

1131 4073 1169 4140 iu
1185 4069 1316 4139 lumbis
1332 4069 1462 4138 nostris
1475 4067 1612 4137 incluso
1629 4091 1702 4138 esse
1718 4072 1890 4160 populum
1902 4070 1987 4156 Dei3
2016 4085 2122 4164 atque

1131 4175 1251 4240 eadem
1275 4171 1380 4238 nobis
1401 4169 1554 4260 applicat
1575 4170 1678 4238 ctiam
1695 4168 1762 4240 Dei
1784 4195 1863 4262 erga
1886 4197 1952 4240 nos
1968 4174 2124 4243 benevo-

1131 4273 1296 4356 lentiam,
1330 4273 1416 4340 dum
1437 4271 1601 4340 audimus
1624 4286 1658 4341 et
1671 4269 1768 4341 Deus
1791 4281 1876 4343 laus
1900 4288 1933 4343 et
1947 4271 2044 4344 Deus
2067 4296 2124 4344 se·

1132 4373 1239 4444 minis
1256 4369 1321 4440 tui.
1372 4369 1574 4461 Baptismus
1598 4386 1713 4443 autem
1737 4373 1835 4442 illam
1857 4390 1891 4447 et
1914 4375 1951 4444 in
1970 4374 2073 4445 nobis
2090 4385 2125 4445 et

1132 4477 1171 4545 in
1194 4474 1327 4543 semine
1350 4486 1472 4543 nostro
1496 4473 1659 4563 obsignat
1679 4499 1720 4544 ex
1737 4471 1871 4546 Christi
1887 4476 2125 4561 institutione,

1134 4601 1223 4670 qnae
1239 4599 1342 4658 sane,
1373 4575 1444 4642 nisi
1460 4569 1602 4644 Christo
1627 4577 1773 4646 domino
1791 4577 1895 4644 simul
1913 4589 2125 4668 contempto,

1134 4677 1312 4746 contemni
1342 4677 1440 4744 nulla
1468 4677 1604 4746 ratione
1628 4691 1752 4770 potest.
1809 4674 1979 4746 Dicebam
2004 4689 2123 4746 tamen

1134 4773 1223 4847 mihi
1246 4801 1318 4846 non
1343 4778 1537 4868 improbari
1564 4803 1642 4846 eum
1665 4778 1806 4846 dicendi
1825 4779 1989 4864 modum,
2015 4792 2055 4847 ut
2072 4779 2125 4846 fa-

1135 4894 1292 4962 teamur,
1319 4901 1384 4947 nos
1398 4903 1462 4969 per
1477 4879 1689 4969 baptismum
1704 4877 1812 4946 inseri
1826 4873 2004 4948 Ecclesiae
2019 4875 2126 4948 Chri·

1135 4981 1200 5066 sti,
1233 4992 1338 5072 atque
1362 5002 1425 5070 per
1445 4979 1594 5047 eundem
1615 4980 1718 5048 nobis
1735 4979 1904 5069 applicari
1921 4980 2127 5072 promissio-

1136 5105 1232 5150 nem:
1259 5080 1433 5172 siquidem
1450 5081 1494 5147 de
1508 5079 1640 5148 visibili
1657 5079 1825 5148 insitione
1842 5094 1877 5150 et
1892 5082 2126 5172 applicatione

1137 5185 1232 5254 iuxta
1252 5193 1413 5250 naturam
1432 5179 1639 5248 sacramenti
1658 5180 1915 5270 intelligamus,
1940 5197 1979 5253 nt
1993 5183 2128 5274 baptis·

1144 5385 1339 5398 ...a-ne·—

1174 5514 1204 5584 *J
1220 5511 1251 5566 ln
1266 5523 1414 5566 coenasse
1430 5502 1555 5560 Lasliucn
1571 5502 1652 5559 docet
1665 5504 1795 5560 iudicium
1809 5505 1875 5559 Mel.
1896 5505 1922 5560 d.
1937 5503 1975 5558 15.
1989 5503 2038 5558 lul.
2055 5503 2129 5558 15⁴5.

1332 5573 1409 5650 14*
1484 5585 1493 5598 “
