4864 6244
109 327 184 411 ms
689 299 1132 391 nrrsronanuu
1191 295 1302 376 rus.
1336 297 1401 376 rx.
1455 297 1589 375 csso.
1946 292 1950 300 ·
1991 259 1996 268 '
2096 303 2173 378 am

108 506 215 584 multi
232 510 515 598 propugnatores
529 487 742 584 disciplinae
766 497 802 556 et
821 483 942 578 legum
955 480 1113 552 oderunt
1169 471 1410 558 consuetudo,
1433 485 1475 542 ut
1496 471 1637 554 dicitnr.
1694 471 1815 547 Etiam
1844 498 1926 560 cum
1955 481 2165 570 corrigimus

107 607 367 700 Evangelium,
386 599 484 696 quod
499 598 544 666 dc
559 595 658 683 lege,
674 600 836 688 peccato,
861 582 1015 670 iustitia,
1033 603 1113 670 gra—
1168 587 1304 646 veteres
1328 575 1592 667 persuasiones,
1618 588 1737 648 tamen
1760 577 1897 672 aliquid
1912 584 2066 672 contagii
2081 582 2165 662 hae,

108 717 177 799 tia‚
203 714 271 786 fede
287 703 460 802 proponit
474 695 674 771 doctrinam
691 717 711 762 a
729 688 863 762 iudicio
880 687 946 760 filii
964 681 1112 776 frugalis
1167 691 1223 748 ret
1244 677 1283 748 in
1302 677 1483 748 mentibus
1503 690 1537 747 et
1561 677 1599 746 in
1615 701 1787 753 sermone.
1839 675 1886 753 Et
1898 705 2011 774 genus
2026 709 2164 759 serm0÷

109 814 375 890 abhorrentem.
428 803 555 878 Statim
568 799 677 890 igitur
692 787 975 889 postdpostolos
988 810 1111 859 rursus
1167 781 1223 850 nis
1239 805 1280 849 ae
1297 779 1394 850 velut
1406 777 1584 850 Ecclesiae
1598 781 1755 871 linguam
1771 791 1933 875 mutare,
1944 786 2087 865 videtur
2099 815 2164 864 au-

108 917 306 1010 Evangelio
323 914 468 983 inducta
486 918 536 976 est
553 903 677 992 caligo.
730 893 809 972 Etsi
828 885 1110 991 Origcm'sscri-
1166 882 1266 953 dacia
1291 906 1364 972 esse
1384 881 1490 976 plena
1513 882 1672 976 periculi·
1722 883 1862 956 Deinde
1883 912 1938 958 res
1955 890 2029 980 ipsa
2044 895 2164 988 loqui-

110 1037 191 1118 pta,
217 1043 307 1115 quae
330 1037 428 1088 nune
451 1021 591 1092 extant,
623 1002 751 1074 mutila
773 1011 877 1086 sunt,
909 1009 943 1066 et
964 995 1113 1064 fortasse
1165 999 1242 1070 tur,
1275 1010 1314 1055 ea
1337 998 1451 1056 aetate
1472 986 1679 1079 praesertim
1701 987 1740 1056 in
1758 985 1859 1058 ltalia
1882 1005 1918 1063 et
1938 997 2082 1071 caeteris
2104 1021 2162 1068 re-

110 1129 282 1220 pleraque
294 1112 417 1201 νόθα,
441 1128 561 1184 tamen
579 1105 762 1180 doctrinae
778 1099 999 1194 corruptelae
1015 1096 1055 1168 in
1070 1119 1111 1165 co
1165 1088 1331 1180 gionibus
1359 1087 1468 1158 latine
1497 1088 1727 1183 loquentibus
1755 1115 1880 1183 parurn
1899 1094 2007 1164 fuisse
2038 1101 2162 1172 litera.

112 1239 321 1300 cernuntur.
371 1219 498 1288 Postea
521 1223 659 1282 secutus
673 1199 854 1296 Pelagius
874 1203 913 1270 in
931 1200 1112 1272 occidente
1164 1216 1257 1264 rum.
1311 1187 1461 1260 Graecia
1486 1191 1591 1262 etiam
1615 1205 1650 1262 et
1664 1190 1751 1262 Asia
1774 1195 1844 1263 iam
1870 1211 1951 1288 post
1965 1194 2162 1272 Basilium

58 1329 61 1346 '
113 1326 365 1410 audaccissime
389 1317 520 1393 delevit
550 1309 795 1403 Evangelinm.
853 1303 937 1374 Non
965 1302 1113 1372 tradidit
1165 1295 1281 1364 studia
1311 1293 1493 1363 doctrinae
1523 1294 1758 1384 negligentius
1780 1297 1977 1373 coluerunt.
2038 1303 2163 1394 Qum.

114 1432 307 1506 discrimen
324 1424 411 1513 legis
429 1434 463 1490 et
478 1412 686 1503 Evangelii,
711 1421 815 1498 negat
829 1407 868 1474 in
883 1401 1030 1476 homine
1044 1403 1112 1473 du·
1165 1421 1272 1493 qnam
1296 1394 1405 1489 igitur
1427 1396 1481 1464 vis
1502 1397 1636 1486 ingenii
1659 1421 1785 1488 magna
1802 1397 2164 1497 fnitinAugustr'uo,
2220 1463 2226 1482 .

113 1535 307 1606 bitationes
331 1529 376 1596 de
399 1526 452 1594 ira
476 1533 510 1592 et
532 1511 775 1588 misericordia
797 1509 873 1592 dei,
900 1520 935 1576 et
959 1501 1114 1576 horren·
1166 1513 1201 1568 et
1233 1499 1362 1590 pietas,
1403 1523 1472 1594 qna
1499 1498 1690 1568 discrimen
1724 1500 1816 1570 vidit
1845 1497 2100 1598 Philosophiae
2127 1524 2163 1580 et

114 1642 199 1708 dam
215 1631 469 1706 aversionema
486 1623 552 1692 deo
568 1617 755 1687 nobiscum
771 1622 973 1682 nascentem
991 1629 1113 1699 pecca·
1164 1595 1373 1690 Evangelii,
1406 1614 1525 1670 tamen
1556 1603 1732 1672 rationem
1757 1603 1957 1693 explicandi
1978 1624 2013 1678 et
2035 1611 2104 1703 ipsi
2128 1625 2163 1682 et

113 1754 301 1818 tumesse,
323 1729 425 1818 fingit
448 1713 1113 1815 legideihominessatisfacereposse,
1165 1698 1288 1770 m'uttis
1311 1727 1351 1772 ea
1381 1719 1494 1774 aetate
1516 1703 1687 1784 defuisse,
1720 1705 1948 1778 manifestum
1967 1724 2028 1784 est.
2086 1711 2162 1784 Has

115 1856 153 1913 et
187 1836 282 1910 hanc
308 1833 591 1927 qualemcunque
620 1833 800 1890 externam
828 1814 1113 1884 moderationem
1166 1817 1282 1872 autem
1300 1806 1388 1872 duas
1403 1809 1553 1876 virtutes
1567 1808 1774 1877 coniunctas
1791 1831 1864 1878 esse
1885 1827 2048 1904 oportere
2063 1814 2164 1886 Peri-

5 1967 6 1976 ‘
113 1963 261 2016 morum
283 1937 422 2029 placare
443 1932 534 1999 iram
560 1924 637 2006 dei,
665 1937 699 1994 et
717 1919 890 1990 iustitiam
905 1939 997 2002 esse,
1024 1937 1114 2008 quae
1167 1906 1237 1974 cles
1272 1906 1376 1974 dixit:
1419 1912 1565 2006 γνῶναι
1593 1905 1642 1980 τὰ
1674 1903 1808 1982 de'oucu
1842 1907 1906 1984 καὶ
1928 1913 2163 2010 ἑρμηνεῦσαι.

112 2044 223 2116 faeiat
239 2035 407 2110 haeredes
423 2034 516 2102 vitae
537 2041 710 2098 aeternae.
762 2021 844 2092 Non
866 2021 980 2090 solnm
1003 2039 1114 2106 nugas
1166 2005 1240 2078 Nec
1266 2020 1429 2098 putemus
1452 2007 1537 2079 haec
1559 2012 1653 2080 ullos
1679 2013 1979 2086 sinedoctoribus
2002 2041 2164 2098 acmon-

113 2169 210 2228 esse‚
226 2144 321 2238 qnod
338 2131 626 2209 elamatPaulos:
654 2140 800 2220 propter
814 2119 1017 2204 Christum,
1040 2087 1140 2189 oon¹
1167 2109 1397 2193 stratoribus,
1430 2112 1507 2180 sine
1528 2113 1663 2194 studio,
1699 2112 1775 2182 sine
1797 2115 1888 2186 iusta
1916 2119 2076 2191 discendi
2106 2147 2163 2192 ra-

113 2259 263 2342 propter
287 2265 392 2336 opera
424 2237 512 2327 legis
536 2231 649 2322 accipi
676 2227 919 2300 remissionem
953 2233 1116 2316 peccato·
1167 2211 1264 2282 tione
1286 2213 1453 2326 consequi
1473 2234 1586 2303 posse.
1645 2211 1737 2282 Vere
1768 2209 1828 2286 hic
1855 2233 1889 2290 et
1909 2236 2003 2292 recte
2035 2225 2166 2297 refutat

112 2373 217 2434 rum,
250 2344 444 2422 sedetiam
474 2335 690 2430 perniciosas
722 2351 864 2400 morum
897 2321 1116 2414 corruptelas
1167 2307 1402 2404 Augustanus
1426 2307 1596 2401 Origenis
1628 2327 1665 2383 et
1687 2309 2001 2392 Enthusiastarnm
2033 2327 2167 2398 delira-

114 2429 204 2526 esse.
263 2446 469 2518 Panaticam
498 2435 690 2510 amentiam
719 2453 811 2515 esse,
842 2428 939 2522 quod
971 2424 1116 2508 dicitur,
1167 2430 1303 2500 menta,
1329 2415 1391 2508 qui
1414 2415 1690 2508 corrumpebant
1709 2415 1813 2486 Pauli
1828 2421 1921 2492 dicta
1940 2425 1983 2492 de
2005 2426 2106 2498 litera
2130 2443 2165 2500 et

112 2557 188 2627 tide
212 2548 396 2624 hominem
420 2545 554 2614 iustum
572 2560 645 2608 esse
667 2548 700 2606 et
715 2530 807 2604 hanc
826 2531 930 2600 tidem
949 2527 1115 2596 fiduciam
1167 2518 1312 2610 spiritu,
1338 2541 1482 2608 prorsus
1505 2532 1547 2588 ut
1567 2541 1664 2586 nune
1684 2514 1952 2612 Anabaptistae.
2004 2525 2095 2598 Cum
2120 2531 2166 2600 li.

114 2681 193 2730 esse
210 2653 487 2749 acquiescentem
504 2643 544 2712 in
558 2640 858 2728 mediatore,qua
872 2631 1018 2724 spiritus
1033 2653 1116 2698 san-
1167 2635 1279 2692 teram
1304 2619 1541 2702 abiiciebant,
1574 2633 1689 2690 totum
1721 2623 1959 2696 ministerium
1982 2643 2166 2702 externum

115 2775 197 2834 ctus
223 2777 355 2828 novam
379 2765 415 2822 et
443 2762 623 2819 aeternam
653 2741 768 2810 locem
790 2738 830 2808 in
860 2730 1116 2828 perterrefactis
1169 2723 1461 2816 aspernabantur·
1520 2718 1849 2814 Deindespirimm
1880 2727 2062 2821 fingebant
2093 2758 2166 2804 esse

114 2861 298 2936 mentibus
316 2851 487 2926 accendit.
539 2845 631 2918 Cum
648 2843 758 2934 igitur
778 2841 848 2911 late
863 2837 1045 2930 sparsisset
1060 2833 1116 2900 vi-
1168 2825 1352 2914 allegorias
1370 2839 1405 2894 et
1420 2824 1710 2915 imaginationes,
1725 2850 1812 2920 quas
1826 2829 1895 2898 sibi
1909 2831 2039 2905 reiecto
2054 2838 2165 2910 verbo

115 2989 182 3038 rus
208 2983 313 3032 suum
333 2950 533 3050 Pelagius,
560 2962 594 3018 et
617 2948 698 3016 illas
720 2934 992 3038 un9uuoioyp'uc
1012 2937 1127 3006 facile.
1169 2929 1226 2998 dei
1247 2928 1443 3018 tingebant,
1469 2942 1510 2999 ut
1529 2927 1635 2998 multi
1656 2925 1822 2998 monachi
1842 2947 1876 3008 et
1891 2927 2167 3034 Anabaptistae

68 3081 75 3092 “
113 3066 417 3158 amplecterentur
442 3053 625 3134 homines,
653 3071 801 3138 maguae
825 3045 864 3114 in
880 3040 1037 3114 Ecclesia
1062 3053 1115 3108 te-
1169 3029 1373 3102 iactitarunt
1397 3031 1549 3100 adflatus
1572 3053 1646 3098 esse
1671 3031 1836 3122 spiritus,
1858 3036 1993 3108 deserta
2016 3042 2166 3134 coniuge

114 3172 253 3242 nebrae
278 3166 444 3244 fuerunt,
477 3171 519 3228 ut
548 3151 604 3226 his
626 3149 797 3244 proximis
822 3145 968 3216 saeculis
989 3141 1117 3214 similis
1169 3149 1204 3204 et
1216 3132 1351 3202 familia
1368 3133 1486 3221 vagari
1502 3157 1582 3200 cum
1598 3133 1761 3202 fanaticis
1782 3139 1982 3214 erronibus.

111 3269 283 3350 doctrina
314 3255 579 3336 Monachorum
612 3256 728 3326 locem
754 3247 943 3338 Evangelii
976 3245 1015 3314 in
1040 3257 1116 3312 toto
1272 3229 1330 3302 Ab
1357 3227 1414 3302 his
1444 3233 1543 3302 tetris
1565 3234 1740 3326 portentis
1761 3230 1994 3330 Augustinus
2023 3261 2165 3316 revocat

112 3378 207 3448 orbe
230 3385 406 3441 terrarum
429 3359 643 3433 obscuravit.
699 3352 817 3425 Credo
845 3363 963 3418 autem
986 3345 1116 3438 passim
1168 3333 1363 3408 Ecclesiam
1393 3338 1437 3405 ad
1460 3335 1663 3420 veritatem,
1702 3340 1859 3409 ostendit
1886 3343 1972 3435 quid
2004 3345 2107 3417 litera
2132 3363 2167 3420 et

110 3479 228 3550 fuisse
255 3469 394 3564 aliquos
419 3467 496 3556 pios
518 3477 551 3532 et
573 3459 705 3550 peritos
727 3467 821 3524 reete
844 3451 1053 3526 sentientes,
1076 3459 1117 3516 ut
1170 3439 1256 3536 qnid
1280 3438 1426 3529 spiritus
1448 3437 1591 3529 proprie
1613 3437 1793 3524 dicautur,
1827 3465 1893 3512 nec
1915 3445 2054 3517 literam
2075 3451 2165 3520 abo-

113 3595 153 3652 et
178 3573 237 3646 his
257 3567 445 3664 postremis
465 3563 614 3632 saeculis
639 3557 772 3628 alicubi
800 3555 946 3623 fuerunt
968 3549 1115 3620 meliora
1170 3543 1312 3611 lenclam
1336 3564 1409 3608 esse
1434 3539 1537 3609 nobis
1565 3539 1862 3632 praecipientem,
1899 3549 1959 3616 sed
1987 3574 2109 3618 vocem
2132 3567 2165 3623 et

112 3687 307 3757 docentes,
331 3685 372 3741 ut
389 3657 657 3742 Bernhardus,
682 3653 720 3730 T
720 3653 870 3728 anterus
896 3653 1027 3726 etalii.
1168 3642 1406 3714 ministerium
1424 3656 1607 3712 externum
1623 3639 1832 3734 Evangelii,
1857 3651 2053 3722 necessario
2077 3656 2166 3725 reti-

149 3835 155 3846 .
226 3777 297 3848 Sed
326 3788 412 3844 tuuc
441 3772 610 3839 adversus
633 3760 768 3850 Pelagii
792 3781 926 3832 venena
950 3755 1118 3826 excitatus
1170 3748 1327 3817 nendum
1360 3769 1452 3827 esse,
1484 3769 1523 3814 ac
1556 3745 1720 3838 spiritum
1752 3760 1912 3818 sanctum
1945 3777 2009 3844 per
2042 3781 2165 3826 vocem

110 3897 169 3956 est
185 3879 360 3948 divinitus
376 3867 627 3967 Augustinus,
653 3865 714 3960 qui
730 3860 906 3932 Ecclesiae
920 3857 1049 3950 passim
1072 3855 1116 3922 ad
1169 3847 1357 3940 Evangelii
1373 3860 1406 3917 et
1428 3871 1492 3937 per
1506 3846 1745 3916 ministerium
1764 3849 1938 3920 efficacem
1954 3878 2037 3927 esse.
2089 3855 2164 3930 Re.

110 4005 243 4058 veram
258 3979 456 4052 doctrinam
473 3967 732 4064 Prophetarum
750 3959 1045 4054 etdpostolorum
1062 3981 1117 4024 re·
1171 3965 1223 4023 ete
1248 3969 1282 4023 et
1301 3945 1369 4018 hoc
1390 3951 1568 4032 adfirmat,
1593 3949 1837 4040 disciplinam,
1864 3953 1901 4022 id
1918 3970 1989 4038 est,
2016 3952 2163 4034 honesta

112 4086 280 4168 vocavit,
313 4079 488 4160 ostendit,
522 4071 744 4145 horribiliter
770 4089 886 4134 errare
919 4055 1116 4154 Pelagium
1171 4079 1276 4148 opera
1301 4046 1476 4121 humanae
1500 4051 1650 4120 rationis
1673 4051 1749 4120 sine
1774 4055 1901 4143 spiritu
1919 4073 2039 4130 sancto
2054 4051 2167 4146 facta,

113 4201 312 4280 negantem
341 4193 523 4276 peceatum
555 4175 721 4266 originis,
753 4167 965 4238 monstravit
991 4161 1117 4234 discri-
1171 4181 1235 4226 nec
1251 4155 1378 4224 mereri
1396 4155 1638 4223 remissionem
1657 4169 1899 4244 peccatorum,
1924 4185 1988 4231 nec
2014 4185 2087 4234 esse
2109 4168 2164 4236 iu.

111 4316 206 4366 men
236 4286 323 4377 legis
350 4299 386 4355 et
408 4279 614 4370 Evangelii,
648 4274 786 4358 docuit,
818 4269 954 4340 remitti
979 4279 1117 4357 peecata
1170 4261 1321 4340 stiuam,
1344 4281 1433 4350 quae
1453 4257 1558 4326 faciat
1578 4250 1746 4326 haeredes
1766 4259 1859 4330 vitae
1884 4277 2057 4334 aeternae.
2111 4263 2165 4338 Ac

112 4394 233 4489 gratis
255 4401 400 4482 propter
417 4381 622 4464 filiumdei,
654 4401 729 4448 non
747 4389 890 4466 propter
910 4369 1116 4460 dignitatem
1169 4362 1347 4455 praeclare
1363 4359 1465 4427 dicit:
1493 4383 1533 4426 ex
1549 4359 1624 4447 lege
1639 4358 1805 4429 timemus
1819 4365 1936 4436 deum.
1988 4366 2057 4438 Sed
2076 4369 2163 4441 alibi

113 4511 303 4576 nostram,
330 4491 512 4570 adfirmat,
537 4480 772 4572 Evangelium
791 4499 863 4544 esse
879 4469 1136 4560 ministerium*
1171 4488 1273 4554 saepe
1296 4461 1399 4545 dicit,
1427 4460 1608 4530 iustificari
1633 4453 1796 4532 homines
1820 4490 1884 4558 per
1906 4469 2054 4556 gratiam
2080 4473 2162 4542 ,1310

111 4600 287 4698 spiritus,
314 4593 435 4663 aclide
451 4587 561 4680 accipi
577 4585 740 4676 spiritum
756 4593 928 4650 sanetum.
980 4571 1117 4642 Harum
1172 4567 1299 4656 spiritu
1313 4577 1433 4632 sancto
1456 4565 1667 4632 accendente
1687 4565 1913 4638 dilectionem
1932 4570 1969 4638 in
1987 4573 2166 4649 cordibus.

111 4703 358 4778 maximarum
382 4717 502 4764 rerum
527 4687 799 4780 explicationem
822 4679 943 4750 multis
965 4671 1120 4748 volumi·
1171 4667 1269 4740 Haec
1286 4665 1469 4758 explicatio
1485 4687 1557 4733 non
1576 4679 1626 4736 est
1642 4666 1791 4758 integra.
1840 4665 1987 4741 Necesse
2003 4687 2055 4744 est
2070 4675 2164 4746 enim

110 4809 232 4880 nibus
246 4797 449 4890 complexus
466 4807 528 4878 est,
542 4815 644 4886 quae,
661 4789 691 4859 si
705 4803 863 4878 tempora
879 4794 914 4851 et
928 4777 1120 4849 sententiae
1171 4771 1271 4866 prins
1288 4770 1376 4854 dici,
1397 4767 1493 4862 quod
1511 4780 1544 4837 et
1562 4767 1637 4861 ipse
1653 4793 1755 4860 saepe
1771 4768 1960 4858 significat,
1978 4775 2022 4844 de
2040 4779 2165 4850 remis.

112 4909 322 5006 prudenter
355 4900 599 4978 conferantur,
646 4890 729 4962 satis
764 4887 957 4958 ostendunt
990 4879 1122 4964 lectori,
1173 4875 1531 4965 sionepeccatorum,
1557 4873 1737 4964 quomodo
1755 4871 1979 4964 acquiescant
1994 4893 2167 4968 perterre.

112 5019 248 5085 dextre
274 5020 308 5077 et
334 5025 410 5072 non
443 4997 659 5069 calumniose
691 4989 886 5068 iudicanti,
922 4997 1015 5056 recte
1040 5005 1120 5054 eum
1173 4979 1283 5048 factae
1309 4987 1473 5058 mentes,
1503 4975 1682 5067 quomodo
1716 4973 1891 5064 accipiant
1923 4979 2166 5054 remissionem

111 5091 276 5190 sentire,
302 5119 337 5176 et
361 5127 442 5174 cum
465 5115 587 5171 nostra
602 5095 759 5168 Ecclesia
777 5093 822 5160 de
847 5085 904 5158 bis
930 5088 1016 5180 ipsis
1037 5084 1123 5154 locis
1174 5092 1419 5174 peecatorum,
1453 5076 1549 5145 rrnde
1574 5099 1676 5146 ruens
1704 5075 1742 5145 in
1767 5099 1879 5168 agone
1901 5080 2056 5153 sentiens
2078 5085 2165 5156 iram

112 5231 333 5305 congruere.
390 5203 461 5276 Sed
490 5216 612 5273 tamen
636 5199 724 5270 alias
748 5193 859 5282 magis
887 5190 974 5260 alias
1004 5189 1123 5261 minus
1177 5184 1233 5254 dei
1249 5179 1526 5254 consolationem
1542 5191 1661 5270 petere
1676 5179 1812 5252 debeat.
1849 5177 1932 5250 Non
1949 5184 2169 5278 adproprias

112 5333 210 5395 gunt
226 5309 411 5405 perspicua
428 5305 503 5375 eius
520 5306 670 5396 scripta,
695 5301 795 5370 cuins
816 5293 867 5364 rei
884 5288 952 5362 hae
965 5288 1123 5361 fortassis
1177 5285 1326 5356 virtutes
1346 5281 1552 5353 deducenda
1578 5294 1639 5356 est.
1696 5279 1750 5354 Ne
1774 5280 1849 5376 ipse
1871 5283 2015 5377 quidem
2040 5285 2171 5385 Augu-

113 5441 253 5498 causae
278 5424 383 5496 sunt,
409 5409 493 5503 quia
519 5431 583 5476 nec
608 5404 677 5498 ipsi
694 5427 734 5473 ex
750 5397 900 5488 caligine
915 5394 969 5464 sui
987 5408 1126 5484 tempo·
1178 5387 1301 5460 stinus
1314 5383 1510 5455 moriturus
1531 5383 1637 5454 dixit:
1662 5383 1767 5453 video
1783 5385 1976 5480 puritatem
1998 5415 2096 5462 meae
2116 5396 2172 5462 di.

112 5532 169 5600 ris
189 5539 339 5617 prorsus
357 5509 505 5584 eluctari
522 5509 624 5580 facile
647 5507 726 5579 tuit.
776 5501 899 5576 Altera
926 5509 1051 5568 natura
1075 5507 1126 5563 est
1179 5489 1359 5574 lectionis3
1385 5483 1479 5558 hanc
1489 5510 1637 5659 &¹³:²⁰⁰
1660 5485 1794 5558 iudicio
1813 5487 1888 5572 dei,
1913 5507 2059 5586 propter
2081 5489 2173 5566 hanc
