4864 6244
315 311 391 392 766
901 298 1338 386 EPISTOLARUM
1390 301 1497 384 mu.
1529 301 1595 381 lX.
1648 299 1782 383 1646.
2263 309 2325 386 766

322 474 485 562 Clariss.
516 481 612 560 Viro
636 477 862 554 Eruditione
895 488 927 552 61
954 479 1084 552 virtute
1107 473 1320 579 praestanti
1373 491 1503 574 quante
1520 471 1661 564 habita,
1687 475 1844 548 ostendit
1858 465 2328 570 ImperatoremCareiemse-

330 585 637 688 Weisgango
651 581 900 670 Mascula,
923 580 1113 682 Episcopo
1128 577 1319 654 Ecclesiae
1373 593 1539 652 cuturnm
1562 603 1636 650 esse
1659 577 1799 674 synodi
1822 581 2054 668 sententiam,
2078 603 2215 676 eamque
2233 585 2331 654 deleu-

323 688 585 786 Augustanae‚
609 687 674 788 pio
698 682 863 782 etfideli
884 687 1092 757 amicosne
1114 681 1320 759 carissimo.
1371 705 1508 757 surum.
1566 679 1686 752 Huius
1714 682 1914 753 orationem
1941 696 1975 754 et
1998 679 2106 774 Regis
2128 679 2332 772 Mrdinandi

322 819 369 910 S.
392 835 438 913 D.
488 833 605 907 Deum
619 851 782 908 eternum
794 833 938 905 Patrem
954 832 1103 905 Domini
1118 832 1197 905 lesu
1214 826 1322 902 Chri-

325 941 370 1011 sti
385 963 468 1022 oro,
503 954 545 1010 ut
567 951 684 1011 servet
713 931 810 1008 bunc
834 933 1094 1029 Henzeliem¹)
1126 937 1238 1028 civem
1261 956 1323 1004 ve-

316 1057 458 1129 strum,
483 1066 589 1136 quem
605 1064 707 1134 spero
730 1063 858 1129 magno
881 1041 962 1110 usui
980 1052 1014 1110 et
1031 1049 1241 1108 ornamento
1259 1059 1323 1127 pa-

326 1146 414 1217 triae
436 1147 598 1215 futurum
628 1165 713 1216 esse.
771 1140 972 1212 Meministi
995 1139 1145 1211 Psalmi:
1178 1135 1323 1210 Beatus

328 1245 402 1334 vir,
426 1245 493 1344 qni
503 1240 721 1343 pharetram
743 1237 884 1314 1611166
906 1238 991 1313 telis
1004 1239 1197 1316 instruxit.
1248 1234 1323 1309 Fe-

330 1347 390 1418 lix
411 1347 542 1418 civitas
566 1343 607 1416 in
629 1371 704 1446 qna
727 1338 896 1416 hemines
911 1342 1072 1440 ingeniis
1088 1341 1196 1416 benis
1211 1364 1323 1441 prae-

330 1447 418 1533 diti,
450 1458 481 1520 61
507 1446 641 1521 litteris
662 1473 706 1520 aa
728 1446 857 1520 virtute
880 1446 1053 1520 instructi
1069 1455 1102 1517 61
1124 1443 1248 1517 Deum
1274 1441 1323 1514 11-

329 1559 464 1623 mentes
489 1546 741 1650 prevehuntur
770 1547 827 1621 ad
858 1543 1091 1647 gubernacal
1116 1604 1126 1627 .
1193 1547 1320 1618 Talem

329 1670 448 1727 autern
463 1679 537 1726 esse
553 1656 624 1725 iam
637 1650 857 1725 Henzeiiam
872 1655 1040 1740 adfirmo,
1061 1679 1101 1724 ac
1115 1666 1148 1723 te
1163 1673 1267 1741 rogo,
1282 1663 1323 1721 ut

330 1783 411 1830 eum
425 1770 587 1829 amanter
600 1758 842 1849 amplectaris,
864 1757 1069 1850 praesertim
1083 1770 1160 1827 tum
1181 1767 1216 1824 te
1232 1778 1323 1848 quo-

330 1886 399 1956 que
423 1861 525 1930 valde
547 1860 683 1948 diligat.
740 1856 936 1929 Ecclesiam
957 1859 997 1927 in
1017 1858 1095 1950 ripa
1117 1854 1279 1927 Danubii
1302 1878 1323 1925 3

1374 786 1507 874 legatus
1528 785 1735 856 subsecutus
1751 797 1814 856 est.
1868 781 1949 856 Etsi
1971 785 2073 856 initia
2097 786 2224 882 aliquid
2237 790 2331 878 magni

1373 888 1608 980 pollicentur,
1641 899 1761 957 tamen
1782 888 1945 958 nondum
1964 901 2050 980 puto
2067 889 2244 983 quicquam
2262 889 2332 960 serio

1375 1013 1477 1081 agere
1497 984 1587 1070 τούς
1611 984 1812 1084 ἀρχιερέας.
1871 987 1945 1061 Nec
1969 1004 2085 1062 tamen
2109 991 2240 1062 animus
2257 1015 2333 1062 meus

1375 1116 1520 1185 prorsus
1529 1116 1613 1162 cura
1629 1093 1791 1162 liberast.
1814 1090 1950 1162 Verum
1966 1092 2112 1163 memini
2127 1089 2216 1164 hanc
2227 1116 2335 1178 rocem,

1376 1219 1492 1287 nuper
1514 1217 1533 1264 a
1557 1208 1592 1264 te
1615 1217 1757 1288 qnoque
1779 1190 1870 1264 mihi
1896 1195 2095 1282 recitatam,
2130 1194 2216 1268 lacta
2241 1219 2336 1266 curam

1376 1311 1474 1368 tuam
1490 1293 1665 1367 inDeum.
1698 1293 1748 1366 Et
1761 1319 1803 1367 ex
1816 1296 1888 1368 tuis
1904 1297 2044 1384 litteris,
2069 1311 2103 1368 et
2118 1323 2159 1368 ex
2173 1297 2338 1368 amicorum

1376 1399 1582 1470 narratione
1610 1398 1770 1488 intelligo
1800 1394 1985 1470 honestam
2010 1414 2043 1473 et
2067 1401 2236 1494 placidam
2255 1399 2338 1470 luisse

1376 1496 1624 1593 catastrophen
1639 1513 1835 1572 vestrarum
1853 1503 2141 1590 contentionum,
2159 1504 2198 1572 in
2215 1527 2276 1597 qua
2288 1497 2341 1572 hoc

1375 1600 1468 1674 mihi
1506 1605 1649 1675 videtur
1691 1627 1767 1673 non
1802 1607 2103 1681 contemnendum
2144 1628 2229 1689 esse,
2266 1602 2340 1698 quod
2392 1642 2393 1734 p

1375 1704 1554 1800 Principis
1578 1707 1743 1778 voluntas
1768 1707 2005 1800 conspicitur,
2039 1730 2123 1799 erga
2148 1703 2342 1779 Academiam
2392 1742 2393 1800 1

1376 1832 1523 1900 egregia.

329 1978 365 2033 te
388 1963 445 2054 pie
464 1963 692 2032 constitutam
708 1983 781 2030 esse
803 1963 952 2050 gaudeo.
1002 1959 1196 2050 'ligurinus
1219 1959 1322 2028 doleo
1477 1958 1533 2030 De
1547 1954 1846 2053 Daseia-optimo
1860 1961 1938 2032 viro
1956 1961 2086 2032 faciam
2105 1973 2257 2033 accurate
2270 1959 2342 2054 quod
2392 1971 2393 1974 ’

330 2078 366 2135 et
380 2065 613 2134 immoderate
627 2061 868 2153 respondisse,
888 2076 924 2134 et
938 2063 1118 2132 miscuisse
1132 2064 1324 2133 absurdam
1378 2062 1487 2156 petis,
1516 2064 1643 2133 vellem
1670 2088 1751 2134 eum
1773 2059 1980 2134 Bavaricam
2007 2064 2111 2134 illam
2133 2064 2344 2136 conditionem
2392 2005 2394 2122 l

332 2165 540 2258 opinionem
564 2167 609 2236 de
632 2159 859 2260 Ethnicis²).
911 2164 994 2235 Non
1012 2176 1066 2235 est
1079 2162 1238 2235 Ecclesia
1256 2161 1325 2234 Dei
1370 2171 1397 2235 'a
1422 2189 1478 2234 me
1501 2164 1571 2257 ipsi
1593 2165 1765 2252 delatam,
1801 2189 1875 2236 non
1897 2182 2126 2259 aspematum
2151 2191 2232 2241 esse.
2276 2163 2343 2235 Nan

332 2269 372 2337 in
402 2292 441 2338 ea
475 2283 594 2354 coetu,
627 2266 692 2336 ubi
714 2291 859 2358 prorsus
883 2268 983 2339 uulla
1011 2266 1258 2360 promissionis
1280 2265 1324 2334 de
1378 2267 1439 2336 ille
1462 2281 1584 2338 noster
1603 2262 1809 2354 Ascanius,
1842 2269 1906 2339 etsi
1931 2283 1983 2341 cst
2006 2269 2064 2340 vir
2089 2271 2225 2356 bonus,
2254 2283 2345 2339 tamen

330 2364 474 2442 Christo
498 2371 625 2442 notitia
649 2381 718 2452 est,
746 2370 846 2440 nulla
863 2395 930 2440 vox
949 2365 1157 2458 Evangelii,
1183 2367 1325 2438 nullum
1377 2369 1575 2440 amicorum
1598 2393 1718 2441 caussa
1740 2394 1815 2440 non
1836 2385 1981 2463 pugnat.
2033 2370 2236 2444 Meministi
2254 2382 2344 2439 auten
2394 2374 2395 2437 l

330 2473 581 2546 ministerium.
640 2469 759 2541 Miror
783 2497 848 2543 cur
879 2472 1059 2568 cumulare
1090 2469 1174 2541 odia
1202 2469 1325 2544 velint.
1378 2472 1469 2542 illud
1484 2470 1606 2558 Alcei,
1633 2485 1672 2543 ut
1689 2475 1819 2560 sertur,
1846 2466 2017 2569 ἀδμήτου
2038 2469 2179 2576 λόγον,
2204 2465 2346 2562 61166116

331 2575 367 2646 Α
390 2588 424 2647 16
447 2575 567 2645 literas
590 2587 624 2645 61
644 2573 765 2664 flagito
787 2592 821 2647 et
842 2588 1017 2668 exspecto.
1066 2568 1161 2643 Dum.
1186 2569 1326 2667 Geryo-
1376 2569 1520 2670 μαθών
1535 2570 1624 2656 τοὺς
1637 2569 1811 2674 ἀγαθοὺς
1828 2570 1937 2672 φίλει.
1987 2581 2070 2650 τῶν
2086 2565 2346 2652 (1616161661-
2394 2609 2395 2612 ¹

332 2674 450 2770 nea³)
471 2677 583 2746 amice
603 2676 774 2747 salutabis
793 2678 882 2748 meis
904 2676 1031 2750 verbis.
1089 2673 1199 2745 Mitte
1223 2674 1325 2746 vobis
1373 2701 1468 2772 χου,
1489 2672 1607 2778 protis
1624 2673 1680 2750 ὅτι
1694 2671 1828 2752 dacter
1840 2673 1949 2777 ὀλίγα
1959 2673 2088 2779 χάρις.

331 2803 461 2871 paucas
482 2779 655 2872 pagellas,
688 2772 784 2847 nihil
814 2781 909 2850 enim
938 2773 1115 2850 habebam
1136 2777 1325 2852 recentius.
2111 2775 2113 2778 ’

331 2879 431 2952 Β666
443 2895 477 2953 61
494 2882 644 2955 feliciter
659 2881 748 2952 vale.
799 2881 836 2956 ’1.
851 2869 998 2978 Maii.⁴)
1024 2876 1174 2978 (1545.)

845 2979 1035 3077 Philippus
1049 2977 1276 3058 Melanthea.

1478 2821 1589 2899 Petro
1605 2841 1639 2900 et
1655 2828 1791 2904 litteras
1807 2841 1886 2900 tuas
1900 2831 2056 2919 reddidi,
2072 2847 2110 2907 et
2125 2831 2237 2905 detuli
2244 2823 2347 2923 Egra·

1379 2953 1449 3002 nae
1463 2925 1603 3002 scholae
1624 2931 1935 3022 gubernationem,
1960 2934 2026 3006 etsi
2046 2937 2205 3030 optarim
2226 2955 2290 3004 csse
2305 2951 2347 2998 ex·

1379 3035 1588 3110 citatiorem.
1644 3028 1858 3122 Boiemum‚
1898 3039 1942 3106 de
1972 3061 2043 3132 quo
2081 3039 2227 3124 scribis,
2256 3032 2348 3105 iudico

1379 3140 1515 3209 bonum
1539 3151 1574 3209 et
1594 3137 1739 3209 doctum
1759 3137 1877 3208 virum
1902 3163 1995 3225 esse,
2020 3143 2087 3214 sed
2108 3143 2155 3213 ad
2171 3132 2348 3233 disputatio-

1379 3264 1441 3311 nes
1451 3234 1674 3310 scholasticas
1687 3263 1760 3308 nou
1775 3238 1932 3310 arbitror
1945 3245 2198 3318 assuefactum.
2247 3235 2349 3310 Gravi-

1379 3357 1431 3414 tas
1444 3343 1484 3411 in
1500 3365 1542 3412 66
1559 3355 1626 3426 est,
1649 3339 1773 3434 gentis
1783 3337 1816 3436 ¹)
1831 3343 1976 3435 propria
1993 3361 2027 3417 et
2041 3369 2140 3439 pene
2158 3343 2295 3418 tristior.

333 3379 401 3456 No.
418 3383 532 3459 8188.

337 3477 509 3508 m

1177 3399 1212 3459 7.
1225 3389 1312 3458 Maii.

1147 3477 1320 3512 »om

1478 3491 1621 3567 Cultros
1634 3485 1836 3566 Laterensi
1847 3495 2038 3567 mittendos
2056 3501 2196 3593 delegi,
2217 3512 2255 3571 ut
2274 3496 2305 3564 in
2321 3511 2348 3558 eo

1378 3623 1522 3690 genere,
1547 3597 1712 3690 optimos.
1749 3597 1818 3669 Sed
1835 3599 1971 3668 mittam
1987 3625 2050 3693 per
2067 3602 2185 3674 alium
2200 3598 2349 3672 nuncium

1377 3701 1482 3772 Nunc
1496 3700 1593 3770 enim
1608 3700 1761 3770 scribere
1777 3725 1851 3770 non
1866 3715 1976 3774 vacat.
2028 3699 2119 3776 Ocii
2133 3706 2250 3790 nobis,
2270 3693 2347 3772 utti-

1377 3807 1458 3889 des,
1482 3798 1577 3872 nihil
1592 3804 1792 3874 concedunt
1806 3817 1976 3896 tempora.
2374 3786 2376 3798 ¹

606 3584 757 3671 leuch.
791 3583 1049 3674 Camerario.

397 3741 484 3814 Epist.
497 3743 531 3798 ad
547 3742 686 3801 Camerar.
704 3764 731 3817 p.
745 3745 797 3800 611
813 3765 855 3818 sq.
881 3745 934 3814 (ed.
948 3744 1037 3801 Lond.
1053 3742 1102 3802 lib.
1118 3744 1167 3800 lV.
1187 3763 1229 3817 ep.
1244 3745 1326 3816 666).

332 3886 560 3969 Clarissimo
584 3899 661 3970 viro
683 3895 886 3971 eruditione
911 3908 943 3971 61
969 3899 1098 3971 virtute
1116 3897 1328 3997 praestanti

331 3997 361 4070 I
365 3994 490 4072 each.
526 3995 797 4074 Camerario
824 3997 1072 4098 Pabergensi‚
1113 4004 1326 4076 amicosne

764 4129 892 4179 carisa.

1479 3953 1532 4028 De
1556 3949 1724 4028 Fachsio
1738 3959 1841 4030 valde
1863 3959 1976 4050 probo
1999 3959 2200 4034 consilium
2218 3970 2338 4031 vestan

1381 4057 1495 4134 ol03a
1518 4053 1559 4133 cii
1570 4055 1689 4156 χολὴν
1708 4063 1777 4132 τοῦ
1798 4065 1872 4134 νῦν
1889 4055 2156 4158 ἀριστεύοντος
2182 4063 2223 4138 ἐν
2246 4051 2343 4150 intelli

1379 4153 1626 4259 ipenipetc²).
1685 4159 1775 4234 Eius
1796 4177 1893 4234 metu
1916 4165 2082 4237 timidius
2100 4171 2221 4260 probo
2243 4175 2350 4236 senten·

1380 4264 1465 4340 tiam
1489 4291 1633 4348 eorum,
1666 4264 1729 4360 qni
1751 4259 1945 4338 Fuchsium
1968 4291 2086 4338 acrem
2117 4273 2242 4341 virum
2266 4278 2352 4336 accer-

1379 4359 1501 4442 suot(
1533 4367 1603 4440 Sed
1631 4367 1698 4439 tibi
1721 4381 1870 4464 uterque
1894 4368 2013 4439 notior
2036 4385 2112 4454 est,
2150 4397 2257 4468 quam
2278 4355 2355 4435 mibi.

1378 4471 1431 4546 De
1447 4472 1575 4543 litteris
1589 4463 1633 4538 F
1628 4463 1750 4540 achsii
1765 4473 1902 4542 affirmo
1922 4473 2127 4562 bonafide,
2152 4501 2213 4546 me
2229 4491 2314 4544 nunc
2325 4459 2357 4531 ab

1378 4600 1418 4646 eo
1443 4599 1484 4646 ex
1502 4568 1558 4643 bis
1580 4573 1754 4643 nundinis
1778 4569 1872 4644 nibil
1896 4575 2101 4646 litterarum
2123 4577 2311 4669 accepisse,
2330 4585 2358 4632 tt

1377 4677 1537 4768 suspicor
1561 4672 1642 4745 illas
1665 4676 1861 4770 dequibus
1883 4675 2024 4764 scribit,
2049 4679 2278 4774 ,interceptas
2304 4685 2361 4740 este

366 4780 392 4844 1)
410 4771 642 4828 1166661166616.
656 4764 922 4839 16666611166661.
948 4763 1010 4822 vid.
1025 4767 1101 4840 epist.
1111 4766 1138 4825 d.
1147 4768 1206 4826 66.
1215 4771 1323 4846 Septbr.
1376 4781 1420 4852 ab
1436 4779 1499 4848 1110
1515 4779 1591 4870 ipso
1607 4779 1840 4850 audacissimo
1854 4774 2022 4866 homine,
2033 4781 2086 4856 ,de
2103 4808 2182 4878 quo
2198 4775 2304 4851 locuti
2315 4793 2361 4840 su.

400 4845 478 4898 1555.
494 4841 724 4912 (Foerstemann.)
1618 4883 1628 4898 ο
1665 4882 1675 4899 ο

363 4933 391 4996 2)
412 4919 952 4998 11111.6663666621.6166666116136.
1375 4904 1473 4966 mus,
1504 4905 1586 4952 cum
1617 4897 1695 4956 lSilC
1725 4905 1848 4957 essem.
1909 4880 2007 4954 Beue
2028 4884 2134 4973 Vale,
2171 4881 2272 4956 VIM.
2295 4875 2363 4946 idm

363 5019 392 5086 3)
413 5015 561 5094 Geryonen
579 5009 598 5064 i.
620 5027 645 5062 6.
668 5005 779 5091 Dereon
794 5003 831 5060 Se
850 5009 906 5075 ier,
932 5007 982 5063 Dr.
1002 5006 1074 5062 med.
1098 5009 1234 5080 Augustae
1249 5011 1320 5065 Vin·
1374 4981 1477 5054 Maii·

394 5083 456 5210 gg.
475 5077 771 5221 (ggii-,ifflffipm'
789 5080 815 5144 (e
838 5115 845 5134 .
859 5075 892 5130 de
906 5075 1014 5147 Wett.)
1026 5077 1059 5133 Τ.
1073 5075 1122 5132 lV.
1137 5098 1163 5148 p.
1178 5079 1240 5139 612.
1259 5083 1321 5138 613.

360 5237 389 5310 4)
408 5239 488 5293 Diem
506 5242 533 5288 et
552 5249 676 5314 mensem
698 5245 755 5284 non
775 5229 854 5284 habet
867 5229 999 5285 Siunerus
1017 5251 1045 5356 p.
1066 5231 1146 5296 tet„
1164 5251 1318 5358 qnanpuam

396 5310 453 5380 ³⁹⁸⁶
468 5299 1243 5426 11111111161111·111116161ὲῖ1
1264 5313 1321 5419 ‘⁰¹¹3

396 5380 799 5565 iimnerisp5‚1otsi?qua¹i’nva
820 5406 878 5578 nr3ir
895 5387 1092 5506 aitsatpserte
1114 5441 1171 5498 6161
1183 5391 1318 5500 ὅ6116163161

393 5527 529 5567 mensem.
574 5537 610 5548 -
661 5526 845 5565 6666616366.

330 4241 377 4333 S.
404 4255 450 4332 D.
501 4255 663 4328 Tandem
680 4257 790 4348 igitur
806 4273 942 4330 certum
958 4271 1007 4326 est
1023 4253 1160 4326 venisse
1169 4252 1326 4324 Triden-

331 4379 409 4435 tum
424 4364 514 4432 duos
529 4361 660 4450 legatos
674 4359 900 4440 Pontificius,
928 4372 963 4429 et
978 4346 1116 4426 Caroli
1131 4354 1326 4451 Imperato-

332 4471 381 4538 ris
395 4467 567 4556 legatum,
589 4463 650 4558 qui
667 4465 828 4537 oratione
845 4463 884 4531 in
899 4483 1063 4530 consessu
1079 4463 1240 4532 nondum
1255 4463 1326 4532 166-

1989 5115 2131 5216 Philip.
2155 5111 2323 5194 meane

1373 5309 1580 5325 m

1407 5419 1434 5486 1)
1453 5417 1607 5473 Bobemiae.

1403 5517 1435 5585 2)
1453 5517 1628 5575 Auerbachii.
1664 5517 1698 5574 C.
1713 5516 1761 5572 W
