4864 6244
314 334 391 414 703
888 307 1328 390 EPISTOLARUM
1378 306 1488 386 Ltss.
1518 307 1584 385 IX.
1636 303 1772 383 1545.
2256 315 2313 392 764

314 503 514 604 Prophetae
543 491 835 577 incontaminati,
866 491 991 576 nitidi,
1024 499 1117 558 recte
1144 483 1311 556 enarrati.
1355 481 1497 553 cordiae
1516 476 1810 574 reprehendenda
1830 480 2024 574 pertinacia
2048 495 2100 554 est
2121 486 2312 560 inimicorum

314 613 394 688 Etsi
411 623 529 683 autern
543 595 743 694 Prophetae
759 598 803 665 de
819 594 926 664 rebus
941 589 1146 661 necessariis
1160 611 1311 658 consen·
1354 581 1559 674 Evangelii,
1585 598 1619 654 et
1635 584 1712 653 sine
1729 585 1833 676 culpa
1849 598 1934 654 sunt
1951 599 2045 655 recte
2060 588 2225 659 docentes.

316 720 462 792 tientem
495 706 693 779 doctrinam
727 704 952 793 proponunt,
987 710 1022 765 et
1052 691 1193 781 legendi
1227 702 1312 759 sunt
1457 685 1506 758 Ut
1519 700 1638 757 autem
1653 709 1767 756 senno
1783 681 1982 779 Prophetae
1999 688 2147 780 intelligi
2163 692 2276 782 possit,
2291 707 2319 764 a,

314 840 456 901 omnes,
473 829 592 885 tamen
607 800 690 876 huic
707 799 858 894 tempori
873 796 1007 866 Hoseas
1021 794 1211 883 imaginem
1226 816 1311 884 pro·
1356 789 1393 857 in
1420 801 1519 859 tanta
1534 789 1708 859 brevitate
1728 789 1878 860 varietas
1894 814 2014 860 rerum
2031 793 2139 882 magis
2152 794 2321 884 conspicia-

314 921 417 1019 ponit
437 917 541 986 valde
569 916 830 998 congruentem.
890 898 1089 990 Utrumque
1112 895 1206 966 enirn
1229 895 1312 985 pin·
1356 904 1432 976 tur,
1467 890 1564 961 edidi
1595 891 1856 961 enarrationem
1885 889 2090 964 Reverendi
2121 891 2165 968 D.
2192 894 2320 965 Martini

315 1028 384 1118 git,
409 1038 601 1110 regnorum
625 1007 810 1080 interitum
834 1016 868 1072 et
887 997 1130 1070 Ecclesiastico
1153 997 1311 1073 dissidia,
1355 984 1536 1080 botheri,
1558 992 1674 1064 Patris
1695 1007 1730 1063 et
1752 994 1987 1085 praeceptoris
2010 997 2098 1082 mei,
2123 1021 2202 1066 vera
2215 997 2322 1088 pietate

315 1142 351 1200 et
372 1145 493 1196 causas
519 1121 791 1188 commemorat,
829 1103 974 1174 Interim
997 1115 1115 1170 tamen
1131 1102 1250 1183 docet,
1276 1109 1313 1166 et
1357 1096 1514 1180 colendi,
1539 1097 1695 1186 primurn
1710 1095 1748 1164 in
1764 1095 1906 1186 publica
1920 1099 2155 1187 praelectione
2168 1099 2323 1182 traditan,

315 1252 407 1326 quae
431 1225 478 1296 sit
500 1217 657 1292 Ecclesia
681 1211 761 1294 dei,
794 1221 829 1277 et
851 1205 1030 1300 quomodo
1058 1203 1231 1272 servanda
1256 1200 1313 1286 sit,
1357 1210 1392 1268 et
1423 1197 1706 1282 avirisdoctis,
1739 1194 1894 1289 Casparo
1919 1191 2118 1293 Crucigaro
2139 1214 2173 1272 et
2193 1191 2323 1288 Georgi..

315 1347 350 1404 ct
365 1328 429 1424 qui
444 1325 517 1396 sint
530 1319 607 1397 veri
623 1315 738 1388 tultus
755 1311 823 1384 dei.
1354 1292 1545 1385 Rotario,
1569 1324 1644 1400 aea
1661 1323 1716 1368 me
1732 1300 1933 1388 collectam,
1949 1326 2039 1396 quae
2054 1317 2235 1398 postquam
2251 1328 2267 1372 a
2281 1327 2324 1370 ne

416 1427 483 1499 His
498 1415 842 1520 praemonitionibus
858 1425 892 1482 et
902 1405 1206 1501 consolationibus
1219 1415 1311 1474 certe
1356 1403 1483 1478 ordine
1512 1401 1641 1494 scripta
1663 1413 1737 1490 est,
1761 1414 1834 1473 tota
1855 1403 1900 1474 ab
1916 1403 2054 1475 Autore
2076 1407 2155 1496 ipso
2171 1405 2325 1496 recognita
2393 1403 2394 1410 ’

316 1532 385 1607 boc
412 1547 570 1620 tempore
591 1523 695 1592 valde
717 1539 807 1608 opus
831 1529 902 1598 est,
935 1536 1017 1582 cum
1041 1524 1075 1582 et
1098 1506 1311 1579 vastationes
1356 1516 1419 1578 est.
1471 1501 1591 1592 Quare
1617 1504 1729 1576 sciant
1748 1505 1914 1592 lectores,
1940 1501 2036 1578 hunc
2060 1507 2326 1579 commentarium

315 1659 463 1728 magnae
479 1648 670 1720 regnorum
691 1632 776 1691 sunt
797 1618 835 1685 in
854 1625 1063 1706 conspectu,
1087 1622 1121 1680 et
1135 1631 1310 1703 quaeren-
1355 1598 1511 1704 γνήσιον
1537 1602 1741 1678 Reverendi
1761 1603 1807 1680 D.
1824 1605 1976 1679 Martini
1990 1605 2142 1682 Lutheri
2156 1633 2242 1702 opus
2261 1631 2328 1691 esse,

317 1743 403 1811 dum
427 1737 489 1822 sit,
511 1756 557 1802 an
580 1727 634 1798 illi
653 1724 726 1794 siut
739 1716 899 1791 Ecclesia
917 1717 995 1801 dei,
1030 1713 1092 1809 qui
1115 1736 1194 1782 cum
1215 1703 1311 1779 hunc
1357 1708 1620 1802 quodquidam
1644 1733 1719 1806 non
1736 1708 1862 1780 dubito
1885 1711 2034 1782 eruditis
2047 1726 2087 1784 et
2102 1712 2170 1807 piis
2185 1711 2327 1782 omnibus

316 1842 462 1914 titulum
487 1833 557 1905 sibi
579 1838 763 1918 arrogent,
794 1836 912 1892 tamen
937 1816 1174 1906 Evangelium
1195 1811 1313 1881 mani·
1356 1811 1594 1901 gratissimum
1618 1811 1705 1884 fore.
1758 1810 1896 1881 Multae
1912 1828 1996 1885 sunt
2017 1816 2115 1884 eninr
2130 1817 2170 1884 in
2182 1809 2328 1884 hocPro·

316 1947 403 2016 leste
417 1945 636 2032 oppugnant,
655 1944 690 2000 et
704 1927 821 2018 palam
837 1921 1023 1993 stabiliunt
1040 1919 1219 1989 idolorum
1236 1914 1313 1984 cul·
1357 1907 1462 2005 pheta
1477 1911 1666 1982 conciones
1683 1914 1807 1983 breves
1830 1926 1865 1984 et
1881 1927 2083 2000 truncatae,
2110 1919 2238 1989 multae
2259 1916 2335 2004 ligu-v

318 2061 395 2130 tus,
420 2055 455 2112 et
471 2041 618 2128 insuper
630 2032 769 2102 addunt
785 2025 974 2119 parricidia
995 2018 1182 2093 hominurn
1206 2017 1312 2086 iuno·
1357 2037 1417 2084 rae
1439 2038 1479 2084 ac
1503 2008 1648 2107 phrases
1669 2016 1972 2108 prorsusalienae
1994 2042 2015 2088 a
2038 2019 2153 2090 latino
2177 2033 2212 2089 et
2230 2030 2328 2087 nostro

319 2162 480 2228 centurn,
494 2161 584 2236 qnos
598 2148 737 2206 tanturn
750 2141 896 2222 propter
910 2149 1013 2196 verae
1030 2121 1211 2194 doctrinae
1226 2143 1313 2190 con·
1357 2141 1529 2190 sermone.
1588 2113 1637 2186 Et
1658 2117 1729 2187 loci
1753 2118 1858 2188 multi
1880 2133 1980 2204 sunt,
2010 2122 2076 2214 qui
2099 2146 2155 2192 res
2174 2120 2330 2192 continent

318 2249 506 2321 sessionem
527 2236 759 2311 interficiunt.
818 2229 868 2299 Hi
890 2227 1036 2298 audiant
1059 2224 1198 2324 fulmen
1219 2219 1314 2290 divi·
1359 2222 1402 2290 de
1427 2219 1652 2290 invocatione
1674 2217 1760 2305 Dei,
1784 2219 1828 2290 de
1849 2221 2096 2294 consolatione
2118 2223 2254 2316 piorum
2273 2243 2330 2290 non

319 2375 386 2422 nae
402 2347 498 2418 vocis
513 2344 552 2412 in
567 2337 674 2411 huius
692 2327 885 2429 prophetae
899 2329 1149 2401 concionibus:
1177 2323 1261 2418 quia
1275 2336 1312 2393 tu
1348 2322 1552 2414 ,intelleptas
1581 2321 1652 2390 nisi
1684 2322 1808 2413 peritis
1833 2324 2023 2400 mentibus.
2087 2324 2172 2396 ldeo
2196 2347 2276 2416 opus
2293 2333 2330 2390 est

320 2450 504 2526 scientiam
534 2439 719 2535 repulisti,
752 2435 923 2528 repellam
958 2446 1013 2518 te,
1046 2453 1093 2500 ne
1118 2425 1313 2498 sacerdotio
1358 2425 1550 2516 interprete
1567 2424 1706 2496 erudito
1723 2438 1757 2496 et
1772 2427 1907 2496 dextro.
1959 2423 2013 2499 Ac
2027 2428 2185 2499 subinde
2200 2421 2330 2499 accendit

318 2551 479 2645 fungaris
493 2541 603 2640 mihi,
629 2557 664 2614 ct
685 2539 769 2636 quia
787 2536 958 2608 oblita·es
974 2533 1061 2624 legis
1076 2529 1136 2600 dei
1149 2528 1223 2613 tui,
1249 2527 1315 2598 ob-
1358 2529 1446 2597 dens
1467 2528 1603 2596 donum
1626 2526 1931 2618 interpretationis
1953 2529 1992 2598 in
2013 2528 2196 2615 Ecclesia,
2219 2541 2254 2599 ut
2267 2547 2330 2596 nu-

320 2659 462 2729 liviscar
492 2650 648 2720 liliorum
681 2658 826 2714 tuorum
861 2649 896 2706 et
928 2659 1003 2726 ego.
1068 2630 1316 2702 Denunciatur
1359 2653 1419 2700 sus
1433 2627 1504 2718 legi
1521 2639 1555 2698 et
1571 2629 1724 2718 intelligi
1740 2623 1946 2723 prophetica
1963 2645 1998 2704 et
2013 2633 2213 2726 apostolica
2226 2628 2327 2718 scripta

319 2783 435 2856 poena
448 2753 610 2825 omnium
627 2743 828 2818 tristissima
843 2737 1082 2819 doctoribus,-
1094 2734 1157 2828 qui
1180 2733 1314 2804 abiecta
1360 2729 1513 2824 possint.⁸
1557 2727 1648 2802 Cum
1662 2746 1780 2802 autem
1796 2733 1942 2824 meipsa
1955 2732 2149 2830 loquatur,
2174 2731 2329 2806 dexterita-

319 2865 397 2953 lege
421 2857 480 2928 dei
501 2854 669 2924 audacter
692 2867 771 2916 suas
786 2843 955 2936 quasdam
972 2838 1159 2930 opiniones
1174 2836 1217 2906 de
1234 2837 1317 2918 deo,
1360 2846 1431 2905 tem
1448 2832 1612 2903 eximiam
1629 2856 1702 2904 esse
1717 2831 1762 2903 D.
1777 2827 1941 2905 Lachere·
1955 2837 1993 2906 in
2008 2840 2231 2922 enarrando,
2248 2847 2276 2904 et
2286 2831 2331 2900 lu·

321 2978 356 3036 et
371 2985 434 3032 sua
447 2955 598 3028 numina
613 2953 772 3039 lingunt,
795 2958 837 3015 ut
851 2943 1032 3038 linxerunt,
1043 2934 1211 3009 Thebani
1226 2935 1317 3019 Bao-
1361 2948 1437 3006 ceat
1453 2935 1493 3004 in
1508 2959 1549 3005 eo
1564 2936 1699 3006 donum
1715 2936 2035 3030 interpretationis,
2064 2965 2140 3035 quo
2156 2939 2275 3012 multo,
2288 2955 2330 3004 ῃ.

322 3061 451 3149 chum,
478 3054 589 3130 Attici
605 3051 791 3132 Cererem,
816 3039 949 3137 Delphi
971 3037 1176 3126 Phoebum,
1200 3034 1317 3134 Phry·
1361 3036 1491 3109 ticulos
1522 3038 1703 3108 doctrinae
1724 3036 1914 3130 Evangelii
1940 3055 2043 3112 antea
2070 3068 2164 3136 pene
2192 3041 2331 3112 extinctos

322 3190 382 3260 ges
396 3162 574 3260 Cybelen,
593 3152 759 3249 Aegyptii
779 3150 906 3219 bovem
922 3141 1038 3237 Apin,
1064 3143 1217 3237 denique
1234 3141 1317 3212 nul·
1361 3139 1568 3225 renovavit,
1592 3154 1627 3210 et
1650 3136 1912 3232 Prophetarum
1936 3167 1976 3214 ac
1995 3137 2252 3237 Apostolorum
2268 3160 2331 3210 con.

322 3273 380 3342 lus
401 3267 482 3338 bnis
504 3262 572 3332 suit
596 3273 658 3328 aut
680 3270 731 3325 est
754 3265 816 3322 aut
841 3249 909 3319 erit
925 3247 1082 3336 fingendi
1099 3244 1317 3336 corruptelas
1362 3244 1482 3314 ciones
1497 3242 1602 3313 nobis
1615 3244 1795 3334 patefecit,
1821 3245 2009 3334 diligenter
2027 3248 2109 3320 eius
2123 3245 2331 3320 enarrationes

323 3394 427 3443 verae
449 3359 686 3436 invocationis
705 3355 782 3441 dei,
807 3354 920 3422 donec
940 3351 1034 3420 filius
1051 3346 1121 3418 Dei
1143 3348 1260 3439 palam
1280 3369 1318 3415 se
1362 3346 1577 3437 colligendas
1602 3358 1636 3415 et
1652 3345 1697 3416 ad
1717 3346 1959 3438 posteritatem
1976 3350 2265 3424 transmittendas
2281 3363 2332 3413 esse

325 3474 489 3546 ostendet
502 3465 670 3536 universo
685 3455 841 3530 humano
858 3453 978 3545 generi
992 3451 1207 3522 resuscitatis
1223 3472 1319 3518 mor·
1363 3461 1491 3522 statuo.
1550 3445 1633 3518 Non
1655 3462 1924 3520 contemnamus
1937 3453 2080 3522 donum
2104 3456 2184 3538 dei,
2208 3473 2266 3520 nec
2278 3443 2330 3515 eri-

325 3577 408 3650 tuis.
466 3569 517 3642 Ut
536 3558 775 3638 autemDeus
797 3581 882 3627 voce
904 3569 938 3627 et
968 3552 1165 3624 ministerio
1181 3549 1319 3622 Hoseae
1363 3551 1546 3620 stimemus
1579 3544 1744 3620 homines
1773 3567 1996 3644 arrogantes,
2032 3556 2102 3649 qui
2134 3552 2332 3626 hoedorum

327 3693 412 3753 tunc
441 3672 581 3744 taxabat
605 3662 881 3736 sacrificulorum
909 3657 1065 3738 furores,
1098 3679 1162 3725 uec
1184 3652 1320 3724 Hoseas
1364 3666 1615 3736 contemnunt,
1648 3639 1845 3747 quamlibet
1873 3655 2100 3746 ingeniosos,
2139 3657 2251 3730 statim
2270 3649 2331 3722 tales

329 3781 460 3852 iniuste
473 3773 642 3855 faciebat,
658 3766 755 3862 quod
772 3788 790 3832 a
806 3759 1106 3851 gubernatoribus
1124 3771 1157 3828 et
1174 3756 1321 3827 ordina·
1364 3757 1576 3847 interpretes
1597 3755 1685 3830 fore.
1733 3751 1918 3828 insulsitas
1941 3770 2010 3843 est,
2043 3761 2242 3834 attribuere
2262 3764 2331 3848 pote
2393 3739 2394 3808 ζ

328 3885 381 3955 ria
395 3889 582 3976 potestate,
602 3885 643 3943 ut
659 3893 756 3940 nnnc
771 3867 970 3958 loquuntur
986 3855 1170 3944 homines,
1184 3859 1322 3929 dissen-
1367 3871 1490 3929 statem
1508 3857 1766 3950 interpretandi
1778 3856 2012 3932 Pontificibus
2027 3876 2184 3956 propter
2197 3863 2327 3931 locunac

330 3987 456 4068 tiebat,
476 3979 529 4050 lta
545 3971 613 4046 hoc
628 3989 787 4063 tempore
804 3991 884 4038 curn
899 3989 986 4036 voce
993 3959 1182 4052 Evangelii
1198 3975 1322 4031 taxana
1367 3960 1531 4044 titulum,
1557 3984 1637 4031 cnm
1652 3959 1837 4034 manifeste
1851 3962 1947 4033 dicat
1963 3953 2121 4036 Paulus:
2148 3955 2287 4066 ψυχικὸς
2298 3941 2324 4020 cli

330 4102 389 4160 tur
409 4086 496 4154 falsa
517 4077 667 4150 numina
690 4088 725 4146 et
747 4094 876 4166 pravae
900 4067 1158 4151 invocationes,
1191 4087 1324 4145 veram,
1369 4061 1573 4157 ἄνθρωπος
1586 4057 1631 4134 οὐ
1646 4057 1790 4154 δέχεται
1802 4058 1850 4135 τὰ
1863 4057 2166 4160 rodarvaalpawg
2180 4069 2247 4139 τοῦ
2258 4053 2330 4134 θεοῦ,

330 4191 477 4270 iustam,
491 4177 762 4253 etnecessariam
778 4170 951 4242 habemus
965 4167 1326 4240 causamdissentien-
1367 4159 1494 4259 μωρία
1510 4158 1586 4263 γὰρ
1601 4161 1705 4260 αὐτῷ
1723 4163 1800 4236 ἐστι
1816 4179 1881 4238 etc.
1933 4161 2084 4238 Donum
2101 4170 2163 4241 dei
2180 4183 2245 4253 est,
2265 4153 2334 4256 qnod

332 4293 370 4364 di
383 4291 429 4362 ab
446 4288 502 4372 iis,
517 4283 579 4379 qui
592 4289 831 4370 cumregnant
844 4275 883 4344 in
891 4269 1062 4358 Ecclesia,
1075 4285 1193 4343 tamen
1203 4269 1324 4340 decre-
1369 4266 1524 4360 Spiritus
1537 4275 1676 4338 sanetus
1692 4267 1732 4336 in
1746 4268 1816 4360 piis
1829 4268 2027 4354 mentibus,
2043 4297 2142 4366 quae
2159 4287 2271 4344 tamen
2284 4272 2336 4332 stu·

331 4410 367 4466 ta
381 4389 551 4481 sanguine
567 4383 744 4467 scribunt,
769 4392 804 4449 et
820 4375 1001 4448 saevitiam
1026 4375 1179 4445 alienam
1193 4374 1239 4442 ab
1253 4367 1325 4442 Ec·
1368 4369 1428 4441 dia
1443 4369 1585 4455 colunt,
1608 4370 1781 4443 accendit.
1832 4368 1904 4442 Sed
1917 4364 2086 4445 homines
2102 4373 2256 4469 politici,
2277 4377 2308 4435 nt
2318 4355 2339 4427 si

332 4495 437 4569 clesia
471 4499 647 4571 exercent,
697 4497 738 4554 nt
760 4503 897 4552 errores
928 4493 963 4550 et
991 4479 1089 4548 idola
1119 4475 1322 4547 defendant.
1368 4475 1412 4542 dc
1427 4473 1542 4562 legum
1556 4465 1795 4542 humanarum
1811 4473 2112 4566 interpretatione
2130 4479 2343 4572 loquerentur.

313 4597 426 4671 Cum
449 4593 558 4686 igitur
580 4586 677 4660 hunc
697 4579 905 4678 prophetam
921 4581 1081 4672 legimus,
1100 4603 1192 4649 ‚cum
1212 4577 1324 4670 ipsius
1368 4575 1569 4653 somniant,
1603 4587 1810 4664 potestatem
1836 4599 1910 4646 esse
1935 4581 2162 4651 certo-titulo
2183 4576 2343 4664 alligatam.

335 4724 401 4772 nos
425 4695 604 4786 exemplo,
625 4707 701 4765 turn
724 4699 941 4758 caeterorum
962 4677 1219 4777 prophetarum
1237 4702 1325 4748 con·
1368 4675 1594 4767 interpretari
1614 4673 1712 4746 'dicta
1741 4678 1922 4762 coelestia,
1962 4703 2117 4776 eamque
2146 4697 2283 4774 prorsus
2308 4665 2345 4736 sir

338 4801 464 4876 stantia
479 4797 721 4876 consolemur,
736 4813 802 4860 nec
818 4789 1025 4878 frangamur
1041 4783 1327 4855 adversariorum
1369 4791 1542 4864 exercent,
1555 4778 1640 4849 utin
1651 4780 1994 4872 proverbiodicitur:
2010 4783 2114 4854 clave
2132 4785 2229 4874 ligna
2241 4779 2345 4847 secant,

336 4899 617 4994 arrogantia,qni
625 4895 877 4976 vociferantur,
891 4887 1082 4959 sediciosos
1097 4907 1170 4954 esse
1185 4884 1325 4969 et,faces
1369 4879 1485 4950 securi
1500 4893 1616 4951 autem
1632 4877 1917 4975 fores'aperiunt.
1967 4880 2183 4978 Excerpunt
2202 4882 2302 4959 dicta,
2322 4882 2348 4937 et

336 5005 594 5079 discordiarum
612 4998 688 5089 pios
710 4998 890 5075 doctores,
916 4990 980 5083 qui
1001 4986 1189 5058 ministerii
1203 4982 1326 5056 Evan-
1370 4983 1556 5072 adtingunt
1583 4983 1890 5076 interpretationes
1920 4987 1964 5056 ad
2001 4989 2236 5058 stabiliendas
2264 4977 2347 5048 salsas

337 5109 439 5204 gelici
462 5102 650 5177 autoritate
667 5111 788 5167 taxant
809 5117 955 5166 errores.
1006 5090 1089 5161 Non
1106 5089 1241 5179 agimus
1259 5111 1326 5156 no·
1370 5084 1572 5176 opiniones:
1617 5085 1665 5155 ita
1692 5086 1843 5156 securim
1871 5090 2060 5179 profanant
2093 5091 2139 5160 ad
2170 5091 2260 5158 fores
2284 5097 2350 5168 apr-

336 5230 444 5285 stram
468 5229 626 5286 causam,
649 5201 710 5270 secl
734 5197 875 5267 divinae
898 5193 995 5264 vocis
1018 5191 1174 5262 ministri
1194 5213 1327 5275 sumus,
1371 5187 1524 5261 riendas.
1575 5184 1714 5257 Deinde
1739 5211 1819 5257 enm
1843 5193 2040 5262 enarranda
2073 5205 2127 5262 est
2151 5211 2231 5284 pars
2252 5181 2350 5272 aliqua

337 5342 417 5402 seu,
440 5325 481 5382 ut
501 5304 659 5397 Baptista
681 5299 819 5393 inquit,
849 5317 972 5366 sumus
993 5319 1060 5364 vox
1084 5293 1265 5364 clamitans
1281 5292 1329 5360 'in
1372 5289 1553 5361 doctrinae
1569 5289 1668 5374 fidei,
1691 5283 1785 5359 nihil
1799 5292 1976 5364 dexterius
1991 5294 2202 5386 explicant„
2219 5273 2349 5382 quamsi

338 5422 497 5496 deserto,
529 5419 650 5501 parate
678 5403 771 5472 viam
793 5394 955 5470 Domini.
1013 5393 1165 5466 Credere
1195 5397 1261 5464 deo
1295 5407 1329 5464 et
1373 5393 1470 5462 clave
1492 5392 1587 5481 ligna
1604 5391 1738 5462 linclere
1757 5407 1940 5470 conentur.
1990 5393 2231 5466 Nee·tantum
2245 5377 2351 5460 Ponti-

336 5515 473 5594 veritati
497 5508 680 5590 homines,
704 5504 836 5573 iustum
862 5513 925 5572 est.
984 5495 1103 5586 Quare
1129 5521 1229 5569 causa
1253 5497 1326 5568 clis-
1376 5495 1479 5564 licum
1505 5493 1704 5584 arrogantia
1728 5508 1882 5582 taxetur,
1907 5499 1969 5568 sed
1987 5499 2095 5568 etiam
2113 5481 2351 5568 caeteristulti·
