4842 6256
293 337 368 423 235
877 322 1320 400 ertstotnnntt
1372 327 1479 406 LlB.
1503 327 1568 405 tx.
1622 329 1760 408 idid.
2261 325 2337 402 280

297 512 462 590 crilieulis
497 503 667 600 impuris?
726 499 875 593 Semper
909 498 978 570 fuit
1007 494 1183 582 Ecclesia,
1231 498 1292 567 sed
1341 513 1459 572 torum
1484 502 1530 574 sit
1555 503 1799 594 supposititia,
1830 507 1892 572 aut
1908 514 1991 572 nata
2006 523 2145 584 recem,
2169 523 2253 570 cum
2269 499 2335 570 iam

297 619 384 690 elias
402 615 525 707 purior
541 625 575 679 et
590 607 721 688 maior,
747 603 833 672 alias
847 599 968 670 minor
983 615 1018 670 et
1034 600 1227 692 impurior,
1253 611 1294 669 ut
1341 599 1500 674 Romani
1530 601 1699 695 Episcopi
1725 603 1838 694 magis
1867 605 2014 696 imperia
2042 603 2187 687 mundi,
2234 624 2335 696 quam

298 721 337 790 in
360 711 470 786 lsratil
500 725 534 782 et
557 708 645 778 luda
672 722 830 795 tempore
855 697 1049 771 Zachariae
1071 701 1194 790 exigua
1217 711 1293 770 ernt
1342 701 1538 776 Ecclesiam
1559 721 1733 796 regerent.
1784 704 1931 777 Utinam
1953 705 2059 777 uellet
2083 703 2261 795 patienter
2276 727 2335 774 an·
2409 757 2410 760 ,

296 817 472 899 Ecclesia,
505 826 538 882 et
553 809 656 903 pauci
678 805 926 893 intelligebant
943 825 1046 872 veros
1067 802 1194 876 cultus.
1243 797 1306 872 Et-
1342 807 1422 876 dire
1445 809 1558 878 multo
1580 807 1786 878 vetustioris
1812 821 1847 877 et
1869 806 2020 878 certiora
2042 805 2264 888 testimonia,
2295 805 2336 874 de

298 939 500 1015 quanquam
517 937 591 982 nou
607 909 773 998 fingimus
787 903 981 976 Ecclesiam
999 903 1233 986 invisibilem,
1259 916 1294 972 et
1343 909 1450 977 rebus
1464 908 1644 994 maximis,
1669 907 1866 994 Ecclesiae,
1900 931 2006 1002 quem
2026 904 2221 997 ¹diligenter
2242 920 2279 976 et
2298 905 2337 974 li-

297 1020 502 1093 Platonicae
518 1010 654 1084 civitati
668 1009 842 1090 similem,
873 1008 933 1075 sed
950 1006 1101 1075 dicimus
1118 1027 1191 1074 esse
1205 1003 1294 1072 risi·
1343 1009 1472 1080 deliter
1489 1009 1673 1103 inquisivi.
1724 1007 1765 1082 Si
1785 1031 1922 1082 mecum
1940 1010 2047 1079 vellet
2070 1021 2234 1078 amanter
2255 1031 2337 1077 con-

294 1123 426 1200 bilem,
463 1133 496 1187 et
525 1113 656 1185 habere
683 1124 783 1180 notas
808 1123 939 1192 certas,
969 1107 1060 1176 sicut
1083 1120 1170 1176 tuuc
1194 1115 1294 1174 eram
1343 1111 1453 1194 sene,
1485 1111 1716 1183 libentissime
1744 1135 1823 1182 cum
1850 1137 1891 1182 ω
1920 1111 1978 1181 vel
2006 1111 2245 1202 colloquerer,
2285 1109 2337 1179 vet

296 1215 450 1296 visibilis
486 1214 660 1296 Ecclesia,
706 1205 915 1293 Zacharias,
964 1206 1132 1292 Simeon,
1176 1206 1295 1290 Anna,
1345 1210 1485 1302 scriptis
1502 1235 1651 1301 agerem.
1702 1213 1772 1285 Sed
1796 1213 1870 1305 ipse
1892 1214 1986 1283 inter
2005 1213 2252 1282 disserendum
2268 1211 2338 1302 spi·
2409 1229 2410 1232 ’

296 1317 500 1404 Elisabeth,
527 1310 672 1407 loseph,
697 1309 814 1381 Mario
831 1324 865 1380 et
881 1309 985 1402 pauci
1000 1309 1079 1378 aliis
1105 1307 1297 1378 Habebam
1344 1327 1399 1383 rat
1415 1307 1580 1383 hostilem
1595 1315 1776 1399 animum,
1802 1339 1880 1384 cum
1896 1336 1960 1403 ego
1973 1314 2107 1398 sciens,
2139 1326 2203 1382 ant
2216 1313 2338 1382 volens

298 1428 395 1498 enim
421 1423 568 1492 verbum
583 1415 651 1488 Dei
674 1428 807 1484 eertum
830 1424 866 1482 et
890 1412 1007 1482 cultus
1027 1431 1131 1480 veros
1146 1422 1181 1480 et
1196 1408 1296 1480 testi-
1345 1415 1445 1484 nulla
1460 1415 1497 1482 in
1513 1439 1551 1484 re
1566 1439 1725 1508 unquam
1744 1439 1825 1486 enm
1840 1416 2013 1486 laeserim.
2062 1410 2337 1505 Amavipotius,

296 1527 420 1600 monia
433 1521 588 1616 Spiritus
603 1515 732 1586 sancti:
762 1527 883 1583 tamen
906 1525 1055 1582 nonest
1080 1533 1297 1602 corpuspo-
1346 1529 1380 1586 et
1401 1516 1500 1586 volui
1516 1539 1597 1586 enm
1615 1541 1688 1587 esse
1703 1529 1913 1588 ornamento
1929 1511 2070 1587 scholae
2082 1529 2238 1589 metrae.
2291 1513 2339 1586 Nc

297 1629 455 1712 liticum,
494 1621 611 1693 simile
637 1616 774 1707 regnis,
817 1615 1005 1703 alligatum.
1022 1615 1066 1682 ad
1091 1609 1298 1705 Episcopos,
1346 1641 1443 1686 nunc
1457 1641 1584 1688 nocere
1599 1619 1744 1711 quidem
1762 1617 1796 1687 ei
1809 1618 1935 1710 cupio,
1967 1639 2033 1686 nec
2051 1629 2185 1686 certm
2201 1617 2291 1686 odio
2309 1629 2338 1686 et

297 1745 477 1802 eteorum
502 1726 681 1803 doctores,
713 1739 867 1809 quorum
889 1714 1036 1806 plurimi
1056 1727 1206 1807 possunt
1223 1736 1297 1785 esse
1346 1719 1535 1789 acerbitate
1558 1744 1637 1790 cum
1655 1744 1696 1790 eo
1713 1719 1807 1790 eolo·
1858 1718 1940 1791 Scio
1955 1717 2190 1810 quaeiudicia
2209 1717 2339 1788 intueri

298 1827 469 1905 alieniab
486 1823 653 1894 Ecclesia.
928 1910 930 1918 Α
1347 1822 1512 1904 debeam,
1544 1844 1609 1890 nec
1630 1822 1757 1891 faciam
1779 1820 1916 1914 aliquid
1938 1819 1976 1887 in
1993 1812 2339 1910 hispublicisnego-
2410 1829 2411 1840 ¹

314 1959 321 1966 ·
401 1929 585 1999 Postremo
611 1923 677 1992 etsi
700 1945 773 1990 non
798 1932 988 1988 contemno
1003 1913 1182 1988 Ecclesiae
1196 1915 1297 1985 testi-
1348 1923 1406 1992 tiis
1428 1922 1680 2007 immoderate,
1719 1934 1755 1994 ct
1781 1917 1890 1992 huius
1909 1919 2089 1992 Ecclesiae
2112 1923 2337 1992 concordiam

300 2031 441 2114 monia,
473 2042 590 2098 tamen
613 2045 753 2092 necesse
773 2037 825 2090 est
841 2032 960 2090 tenere
977 2021 1152 2108 regulam:
1185 2009 1300 2112 Quod
1347 2024 1486 2116 private
1507 2023 1689 2094 iracundia
1710 2023 1844 2094 nollem
1864 2023 2013 2096 turbari,
2063 2020 2336 2104 Memmium,
2410 2061 2411 2066 ι

298 2127 497 2210 humenis,
535 2121 682 2197 seritis
712 2114 954 2219 anteferenda
988 2121 1038 2188 sit
1072 2113 1241 2188 doctrina
1270 2141 1294 2186 a
1347 2126 1443 2218 quod
1467 2125 1604 2195 dictum
1625 2139 1687 2198 est.
1734 2117 1818 2222 Qui
1840 2121 1880 2194 in
1903 2118 2095 2196 dilectione
2119 2133 2269 2210 manet,
2302 2119 2337 2192 io

297 2233 384 2306 Deo
406 2253 471 2330 per
496 2147 701 2326 Propletas
726 2232 758 2293 et
782 2217 979 2321 Apostolos
1002 2215 1165 2300 tradita,
1203 2241 1295 2316 quo-
1345 2222 1581 2298 Deomamt,

298 2361 380 2406 rum
398 2329 518 2404 oratio
535 2336 624 2400 certe
637 2323 712 2422 piis
729 2333 780 2394 est
794 2321 998 2419 perspicua.

400 2433 452 2504 De
472 2433 625 2526 primatu
639 2427 820 2497 Pontiticis
833 2424 953 2494 nescio
967 2423 1057 2516 quid
1071 2421 1168 2495 velit.
1204 2417 1295 2490 Nam
1353 2421 1371 2436 '
2130 2501 2138 2504 -

298 2537 506 2610 brevissime
523 2530 663 2620 scripsit
679 2524 780 2599 mihi.
832 2524 999 2613 Quaerit,
1024 2547 1069 2592 an
1087 2518 1217 2593 habeat
1229 2546 1296 2621 po-
1346 2539 1414 2615 No,
1429 2535 1543 2614 2304,
2174 2549 2234 2610 19,
2252 2539 2326 2604 ΝΜ,

298 2650 459 2714 testatem
490 2633 627 2727 aliquid
658 2627 849 2698 ordinandi
880 2649 920 2696 sc
948 2625 1150 2696 statuendi?
1215 2620 1295 2694 Hoc
1352 2635 1525 2666 w*
2163 2631 2331 2662 Μ

298 2754 416 2836 potest
436 2739 481 2808 de
505 2734 672 2806 omnihus
684 2726 870 2820 Episcopis
891 2740 927 2796 et
946 2726 1148 2818 pastoribus
1162 2724 1296 2819 quaeri.
1626 2702 1774 2787 loa'ch.
1804 2697 2066 2788 camerarie.

300 2839 396 2916 Satis
412 2838 583 2931 explicata
598 2849 648 2903 est
663 2827 749 2900 haec
762 2828 919 2921 quaestio
933 2827 971 2896 in
987 2827 1062 2918 ipsa
1074 2826 1295 2898 confessione
1414 2860 1500 2936 Epist.
1513 2860 1547 2918 sd
1561 2859 1701 2916 emm
1718 2877 1746 2934 P·
1758 2857 1809 2913 433
1822 2875 1881 2930 sqq.
1899 2857 1954 2926 (ed.
1967 2858 2057 2915 Im
2072 2857 2121 2915 Hb·
2134 2858 2181 2916 w·
2195 2879 2239 2933 ‘P'
2252 2859 2320 2930 m'
2411 2881 2412 2914 ἶ

299 2939 529 3032 Principum,
560 2957 648 3028 qnae
670 2954 745 3001 non
762 2932 869 3000 dehet
881 2928 916 2998 ei
927 2951 1001 2999 esse
1016 2927 1148 3017 ignota.
1196 2925 1296 2998 Con-
2411 2947 2412 2952 ,

301 3042 462 3116 cedimus
484 3050 639 3130 pastores
660 3029 791 3102 habere
812 3030 1092 3100 iurisdictionem
1113 3053 1156 3100 ex
1173 3023 1297 3100 Eran-
1348 2989 1507 3070 Cll’llff·
1530 2995 1608 3070 ‘’lffl
1632 2990 1876 3069 1⁰⁰0l²lm⁰
1901 2987 2170 3068 camerario
2202 2990 2336 3067 Paler-

303 3145 396 3238 gelio
421 3143 466 3210 ad
488 3135 845 3209 excommunicandos
858 3132 1159 3215 reoseriminum‚
1182 3141 1217 3201 ct

303 3243 493 3318 solvendos
517 3263 593 3324 eos,
626 3235 697 3330 'qui
724 3237 915 3304 emendant
936 3257 1061 3306 mores.
1120 3229 1298 3304 Concedi·
1606 3313 1612 3324 ἱ

301 3369 383 3419 mus
403 3344 510 3415 ctiam
537 3339 624 3410 boni
648 3337 786 3408 ordinis
810 3357 948 3422 caussa,
980 3357 1081 3426 posse
1095 3357 1156 3404 eos
1168 3334 1208 3402 in
1223 3333 1296 3404 suis
1347 3315 1391 3408 S.
1417 3336 1463 3409 D.
1515 3335 1652 3408 Vellem
1670 3337 1791 3408 triduo
1808 3333 1911 3406 citius
1926 3331 2124 3426 Epistolam
2142 3348 2238 3406 tuam
2253 3337 2337 3404 serf.

301 3445 487 3529 Ecelesiis‚
520 3455 680 3533 tempora
704 3452 738 3509 et
760 3437 929 3508 lectiones
949 3437 1173 3509 distribuere.
1223 3433 1296 3508 Sed
1350 3454 1444 3532 ptam
1473 3435 1565 3512 Duci
1594 3436 1767 3524 Athena,
1807 3431 1876 3507 huc
1908 3437 2050 3507 missam
2082 3457 2167 3510 ωε,
2235 3435 2338 3506 Tum

302 3549 401 3620 alind
419 3559 471 3616 est
489 3545 675 3614 instituere
697 3539 929 3623 ceremonias,
954 3561 1106 3632 quarum
1128 3536 1208 3606 linis
1232 3550 1296 3621 est,
1348 3543 1442 3612 enim
1461 3545 1582 3613 aderat
1596 3542 1798 3612 adolescens
1812 3531 2012 3624 prutenus,
2035 3561 2074 3608 ε,
2090 3535 2205 3609 Cam,
2223 3563 2339 3609 rem,

300 3650 428 3722 nt-sint
443 3647 558 3716 cultus
573 3657 609 3713 et
622 3665 732 3734 opera
742 3639 936 3723 meritoria,
961 3640 1053 3711 sicut
1066 3639 1298 3710 instituerunt
1348 3668 1419 3718 eus.
1480 3640 1577 3713 Huic
1600 3640 1807 3735 properanti
1836 3641 1973 3710 litteras
1998 3664 2054 3708 me
2084 3641 2169 3710 dare
2201 3663 2338 3710 necem

300 3749 533 3832 coelibatum,
555 3759 654 3828 vota,
679 3743 725 3811 de
740 3736 797 3811 his
811 3737 956 3810 dicitur:
987 3733 1152 3808 Frustra
1173 3735 1297 3809 colunt
1348 3747 1427 3818 fuit,
1484 3743 1671 3836 Respondi
1694 3743 1804 3832 igitur
1826 3753 1862 3812 ι,
1886 3742 2075 3810 mmmm
2102 3763 2176 3810 m,
2195 3737 2339 3834 1395„sp
2412 3721 2413 3746 ¹

302 3842 564 3922 memcndstis
586 3838 789 3916 hominum.
840 3836 936 3910 Item
951 3833 1098 3910 Paulus
1113 3847 1216 3910 vocet
1230 3834 1298 3934 do-
1348 3845 1776 3929 lamdatuavoluntatc,
1808 3844 1907 3914 etde
1932 3844 2008 3934 ipso
2026 3843 2198 3932 negocio,
2225 3857 2261 3912 et
2280 3844 2340 3913 ad.
2412 3911 2413 3916 ἵ

302 3952 445 4026 ctrinns
468 3943 756 4020 daemoniorum.
815 3940 925 4029 Ιιειιι,
958 3939 1100 4014 silicet
1126 3933 1296 4011 humana
1349 3949 1426 4017 didi
1449 3948 1727 4031 excusationem,
1767 3968 1832 4014 cur
1852 3945 1969 4016 subito
1995 3945 2039 4012 ab
2064 3942 2258 4014 Academia
2280 3943 2340 4015 Li·
2412 3943 2413 3946 ’

301 4050 505 4126 autoritate
522 4046 670 4120 institui
685 4042 822 4130 cultus,
848 4042 1022 4116 excessuri
1038 4052 1193 4141 possunt
1215 4038 1297 4115 ido-
1347 4049 1442 4142 psica
1458 4049 1563 4119 avelli
1580 4073 1653 4120 non
1667 4046 1793 4140 possis,
1805 4047 1951 4116 eandem
1960 4070 2065 4140 quam
2081 4068 2241 4116 recenses
2259 4045 2342 4138 ipse.

303 4153 362 4228 1⁰⁷
363 4177 423 4228 “m
448 4149 569 4223 “²¹⁸¹ss
590 4143 697 4247 “lmd
712 4155 848 4241 dmm·
906 4145 998 4217 Nam
1024 4159 1060 4216 ²1
1081 4145 1138 4214 illl
1162 4141 1297 4216 habun-
1347 4149 1401 4222 De
1418 4151 1599 4220 voluntate
1617 4159 1700 4220 vero
1716 4161 1775 4219 tua
1792 4147 1964 4240 polliceor
1980 4147 2128 4236 largius,
2159 4171 2271 4240 quam
2293 4159 2340 4230 ιιι,

301 4244 1275 4330 fflssl'fflfflfflffll*bh011‘11stsshhumffllssludiciin
1348 4253 1505 4345 adeoque
1521 4263 1722 4342 congruunt
1736 4245 1934 4340 Epistolae,
1969 4260 2009 4318 ut
2031 4249 2140 4320 altera
2161 4249 2207 4318 de
2230 4249 2339 4318 attera

403 4354 589 4428 Caeterum
611 4353 677 4424 alia
701 4349 893 4442 disputatio
915 4363 984 4429 est,
1018 4363 1053 4420 et
1073 4350 1118 4418 de
1132 4350 1297 4439 primatu,
1349 4355 1521 4444 descripta
1551 4353 1666 4424 videri
1690 4352 1813 4444 possit.
1872 4348 1990 4420 Tuam
2013 4363 2131 4420 tamen
2157 4348 2341 4442 quampri-

302 4481 412 4554 (ΨΜ
428 4481 469 4527 0¹
484 4480 526 4525 ²⁰
543 4477 617 4524 ⁰⁰¹¹
636 4453 775 4537 audivi,
801 4475 889 4544 quae
903 4463 955 4521 est
967 4451 1125 4522 subtilis:
1150 4446 1210 4520 An
1226 4447 1296 4520 Ec·
1348 4480 1445 4524 mum
1463 4451 1604 4526 habebo
1619 4451 1869 4536 tabellarium,
1894 4452 2066 4521 missurus
2085 4475 2177 4524 sum.
2228 4449 2341 4544 Spero

302 4562 404 4633 clesia
424 4560 472 4631 sit
486 4557 627 4646 alligata
640 4558 686 4624 ad
703 4552 957 4622 successionem
973 4551 1191 4622 ordinariam
1206 4549 1296 4644 Epi-
1349 4557 1443 4626 enim
1472 4571 1507 4626 et
1534 4570 1616 4627 ante
1639 4551 1715 4628 Cal,
1741 4549 1924 4623 lanuarias
1945 4542 2133 4623 habituro,
2152 4575 2221 4622 ΠΟ,
2245 4575 2341 4622 mm,

302 4683 508 4754 scopornm,
544 4671 581 4727 et
606 4659 693 4726 num
713 4655 863 4746 pendeat
888 4677 927 4723 ea
955 4677 996 4722 ex
1018 4649 1195 4745 Episcopo
1217 4651 1296 4724 Ro-
1347 4659 1430 4732 cios.
1478 4653 1757 4747 Descholaipsa
1774 4649 1867 4724 nihil
1883 4653 2093 4724 constituam
2116 4652 2187 4722 nisi
2211 4655 2258 4724 de
2283 4667 2341 4726 tua

303 4763 434 4834 mano?
483 4754 563 4831 iton
580 4759 650 4842 c'st,
679 4780 726 4826 en
742 4755 840 4824 nulle
858 4756 903 4824 sit
916 4751 1103 4844 Evangelii
1120 4770 1153 4824 et
1165 4755 1295 4828 Sacra·-
1346 4756 1541 4844 sententia,
1579 4758 1644 4830 ubi
1673 4756 1842 4828 collocuti
1871 4755 2016 4829 ethnos.
2077 4751 2169 4824 Nam
2205 4754 2341 4826 etiamsi

1232 3130 1297 3202 31,
1344 3101 1470 3197 gensi,
1497 3097 1690 3172 excellenti
1712 3095 1915 3217 creditisne
1938 3105 1973 3215 et
1990 3095 2138 3171 Virtute
2158 3091 2337 3197 praedito,

1673 3224 1793 3271 amico
1806 3222 1875 3270 suo
1891 3222 2019 3271 earrss.

303 4876 506 4934 mentorum
528 4862 601 4945 vis,
633 4859 703 4929 nisi
726 4856 1021 4928 administrentur
1042 4879 1105 4948 per
1128 4879 1207 4942 eos,
1232 4859 1295 4950 qui
1347 4874 1430 4935 ante
1460 4858 1536 4931 Cal.
1565 4857 1747 4930 lanuarias
1775 4855 1943 4949 Spirense
1978 4857 2045 4928 iter
2073 4855 2343 4948 suscipiendum

301 4963 458 5038 ordinati
484 4974 569 5035 sunt
594 4961 639 5031 ab
659 4955 848 5052 Episcopis
869 4959 931 5028 illa
955 4958 1147 5028 ordinaria
1159 4981 1297 5029 succes.-
1346 4963 1432 5048 erit,
1462 4963 1504 5031 ad
1529 4974 1564 5032 te
1588 4975 1708 5032 tamen
1732 4959 1913 5043 accedam,
1938 4981 2012 5027 non
2030 4958 2135 5026 modo
2152 4958 2197 5025 de
2211 4955 2342 5030 Prute·

302 5069 403 5138 sione
425 5061 652 5154 regentibus?
708 5058 762 5129 Dc
785 5055 850 5129 hac
873 5059 1079 5154 quaestione
1101 5082 1177 5130 non
1197 5061 1295 5132 arbi·
1347 5064 1425 5132 nica
1440 5058 1581 5144 schola,
1610 5064 1672 5132 sed
1691 5064 1736 5131 de
1758 5061 1837 5132 aliis
1860 5061 1965 5130 rebus
1989 5058 2093 5130 etiam
2117 5070 2234 5128 tecum
2251 5058 2343 5130 deli·

303 5184 380 5240 tror
393 5189 475 5238 eum
490 5165 643 5236 multum
658 5162 842 5252 cogitasse,
873 5163 933 5231 sed
952 5162 1152 5254 coepitium
1172 5185 1294 5234 recens
1346 5166 1544 5238 beraturue.

302 5267 416 5361 legere
440 5267 574 5336 libmm
595 5262 838 5338 Decretorum.
896 5259 994 5334 Haec
1022 5262 1179 5334 fortassis
1211 5285 1295 5353 pro·
1449 5263 1648 5335 Meministi
1669 5285 1810 5333 versum
1833 5253 2080 5351 sophocleum:
2120 5251 2255 5354 φρόνει
2277 5257 2343 5354 βε-

302 5387 380 5466 pter
411 5368 658 5462 antiquitatem
688 5366 855 5444 miratur,
892 5379 932 5434 ut
959 5365 990 5434 si
1017 5361 1148 5456 legeret
1176 5377 1293 5436 vetera
1344 5363 1425 5466 βὼς
1447 5358 1496 5438 αὖ
1517 5369 1591 5438 νῦν
1611 5347 1670 5436 ἐπὶ
1691 5365 1806 5455 ξυροῦ
1826 5354 1950 5456 τύχης.
2002 5355 2105 5430 Hanc
2126 5383 2252 5430 vocem
2271 5361 2345 5430 uti·-

302 5473 476 5564 Spartsna
492 5473 649 5553 decocta,
677 5489 909 5558 cummagno
929 5487 1014 5559 pers
1030 5472 1154 5536 mcum
1167 5465 1317 5540 stetere·¹
1346 5493 1429 5538 nam
1453 5468 1510 5538 vel
1531 5467 1675 5538 taudem
1703 5487 1784 5536 cum
1805 5464 1844 5533 in
1868 5485 2048 5534 summum
2066 5459 2263 5548 discrimen
2288 5483 2344 5534 res
