4724 6250
278 305 357 382 9⁰3
855 297 1299 380 EPISTOLARUM
1348 301 1458 382 LlB.
1489 301 1560 380 lX.
1611 301 1744 381 1⁵4⁶.
2205 313 2247 388 ttt

260 471 362 546 ¹Deo
387 471 487 544 viam
511 483 632 558 tuam,
665 483 699 546 et
722 471 799 572 ipse
811 472 948 576 societ.
997 475 1133 548 Precor
1151 473 1283 563 Deum
1333 481 1375 552 in
1389 479 1523 574 quibus
1537 479 1614 548 nati
1629 492 1733 564 mut,
1759 469 1868 571 qnam
1882 479 2251 572 atrociterinteserireu,

279 592 322 652 nt
344 594 441 670 regat
460 593 667 650 nostrornm
686 576 897 674 Principum
919 581 1069 652 consilia
1092 594 1128 652 et
1148 581 1189 649 in
1208 579 1282 678 Ly·
1334 584 1366 653 si
1381 595 1538 676 possent.
1589 579 1728 651 Vellem
1746 578 1858 670 igitur
1872 593 1908 651 te
1931 605 1995 674 per
2015 579 2255 654 litterasetboni-

281 683 409 752 caonio
424 683 565 772 negotio
580 695 616 752 et
630 683 668 752 in
684 683 775 758 aliis.
1307 686 1312 771 ξ
1335 710 1399 756 nes
1414 686 1584 764 idoneos,
1609 696 1728 774 petere
1745 707 1852 775 mam
1870 685 2026 774 primum
2038 680 2082 756 τὰ
2094 677 2217 778 νόμιμα,
2233 703 2256 760 ot

381 781 464 854 Dux
482 777 662 854 Pressiae
691 787 786 855 bono
814 785 934 857 studio
956 800 1167 876 agnatorum
1195 810 1284 858 con·
1308 774 1311 799 ¹
1336 790 1387 861 ita
1409 787 1611 872 nominem,
1635 809 1726 879 quae
1748 786 1826 854 iure
1848 785 1916 855 tihi
1936 789 2110 860 debentur.
2150 785 2216 858 Ean
2231 791 2257 860 ol

283 886 471 958 troversias
490 887 657 956 dirimere
680 902 829 960 conatus
852 903 923 970 est,
950 883 1044 960 atate
1064 889 1207 964 οἴονται
1227 882 1284 960 ai-
1336 915 1414 961 rem
1438 891 1614 960 utendmn
1635 888 1736 957 ducis
1750 881 1944 958 Mourieii
1961 889 2083 960 litteris
2095 913 2200 963 censeo.
2231 887 2258 962 Et

282 1013 344 1070 rec
357 985 580 1063 nutantem
591 983 762 1090 γοητείας
778 987 946 1072 aduenis
964 989 1159 1090 ἄπρακτον
1181 987 1285 1064 ἀπιέ-
1337 995 1370 1064 si
1391 995 1491 1064 voles
1509 990 1656 1080 adiungi
1677 987 1946 1076 Macedonicas,
1980 987 2042 1062 has
2061 1017 2176 1088 quoqne
2190 994 2259 1084 inpe-

283 1115 358 1166 ναι.
408 1090 514 1163 Nunc
539 1118 634 1164 nova
654 1095 844 1165 transactio
868 1095 1080 1170 instituitur.
1115 1098 1177 1166 sed
1198 1089 1286 1166 baec
1337 1096 1525 1167 trahimus.
1584 1091 1808 1183 Signibrahis
1830 1092 1941 1182 igitur
1965 1089 2070 1180 mihi,
2098 1097 2168 1190 quid
2185 1098 2259 1164 decre

284 1193 423 1268 omitto.
1095 1232 1098 1241 =
1339 1199 1443 1269 veris.
1505 1195 1593 1266 ldeo
1615 1209 1734 1266 autem
1754 1196 2005 1266 marmandam
2024 1221 2094 1266 rem
2118 1209 2260 1280 censensu
2296 1241 2297 1260 .

387 1295 442 1368 De
466 1292 697 1368 Scholasticis
722 1299 874 1390 negotiis
900 1299 1022 1392 potius
1046 1300 1212 1375 scribam
1340 1303 1370 1370 si
1383 1324 1481 1370 nnnc
1496 1293 1628 1368 horum
1645 1297 1773 1366 litteris
1787 1321 1864 1366 non
1877 1299 2033 1368 obtineri
2048 1321 2100 1368 res
2113 1299 2220 1390 poterit,
2237 1297 2259 1364 in
2296 1277 2297 1315 ¹

387 1392 605 1470 Dichtelius
631 1401 754 1471 minus
782 1404 921 1495 patiens
951 1416 1005 1473 est
1032 1403 1149 1488 freni,
1179 1423 1288 1496 quam
1341 1415 1521 1474 conventu
1540 1388 1705 1484 Carolus
1719 1395 1810 1492 lmp.
1823 1401 1989 1486 adeatur,
2014 1400 2074 1472 ubi
2093 1416 2122 1471 te
2137 1414 2164 1470 et
2178 1399 2259 1492 praeis

287 1501 439 1574 debebat
465 1527 556 1590 esse,
589 1505 655 1574 etsi
677 1504 717 1574 in
738 1505 828 1574 meis
850 1505 1001 1574 aedibus
1022 1507 1202 1579 modestus
1225 1517 1287 1582 est,
1342 1521 1420 1577 ctus
1435 1505 1557 1575 iuvare
1573 1501 1723 1595 poterit,
1749 1515 1783 1572 et
1805 1501 1835 1570 si
1851 1525 1893 1572 eo
1906 1528 2055 1587 venem,
2078 1501 2258 1570 commendabo
2296 1559 2297 1574 ,

178 1635 186 1653 ¹
288 1606 350 1674 sed
375 1607 543 1676 adversus
564 1605 836 1699 Praeceptorem
863 1619 917 1676 est
939 1621 1139 1679 contumax.
1191 1604 1289 1678 Scri·
1341 1630 1501 1679 caussam
1513 1605 1677 1676 Palatino
1691 1595 1905 1690 Friderico,
1932 1619 1966 1676 et
1989 1605 2082 1687 aliis,
2105 1628 2177 1698 quos
2192 1602 2262 1671 crisi
2296 1675 2297 1708 ,

285 1707 341 1778 bit
357 1711 400 1778 ad
420 1731 495 1792 me,
519 1703 661 1780 uthaec
676 1709 846 1802 epistola,
871 1733 978 1802 quam
999 1703 1085 1777 buic
1107 1732 1206 1778 meae
1225 1709 1290 1776 ad·
1343 1712 1447 1780 maho
1475 1709 1629 1778 fideliter
1659 1729 1736 1777 eam
1768 1721 1908 1776 acturos
1932 1731 2016 1778 esse.
2062 1703 2111 1776 De
2137 1701 2181 1774 his
2202 1705 2263 1772 rehu

289 1809 384 1891 didi,
410 1811 578 1887 ostendit.
629 1812 705 1881 Aut
727 1811 838 1902 igitur
852 1813 898 1879 ad
912 1834 976 1880 vos
999 1833 1080 1880 eum
1095 1809 1291 1893 accersatis,
1343 1833 1473 1904 quaeso
1487 1809 1625 1904 aliquid
1640 1809 1829 1878 rescribas:
1856 1809 1921 1880 etsi
1934 1811 2031 1880 enim
2049 1809 2138 1878 brevi
2158 1809 2264 1876 istucvs
2296 1789 2297 1846 l

289 1927 352 1982 aut
365 1913 468 1983 alteri
483 1912 711 2005 Praeceptori
725 1912 1028 1981 commendandus
1050 1913 1128 1986 erit.
1179 1910 1220 1984 Si
1245 1913 1291 1980 ab
1343 1916 1462 1997 niam,
1492 1908 1569 1982 Deo
1595 1913 1758 1996 iuvante,
1789 1921 1907 1982 tamen
1929 1937 2010 1982 cum
2038 1909 2214 2000 cogitatione
2230 1901 2263 1974 ln·
2296 2003 2297 2010 ἵ

236 2065 241 2082 .
289 2013 366 2106 ipso
390 2017 586 2107 composita
610 2028 662 2082 est
675 2011 854 2106 Epistola,
879 2013 1063 2104 ingenium
1078 2015 1112 2084 ei
1127 2038 1203 2083 non
1228 2015 1292 2082 de-
1343 2037 1561 2086 cumrerum
1574 2014 1769 2082 admodum
1786 2029 1962 2096 exerceat,
1989 2015 2060 2084 imo
2081 2037 2154 2082 vero
2173 2012 2265 2080 iustos

290 2139 364 2186 esse
385 2130 542 2208 apparet.
592 2113 713 2186 Velim
737 2129 773 2186 te
795 2115 947 2185 liberare
968 2129 1092 2186 utrum
1116 2139 1292 2186 accersere
1344 2118 1418 2188 acri
1433 2117 1517 2186 odio
1538 2115 1759 2186 crudelitatis
1781 2117 1946 2204 ardeam,
1971 2141 2075 2212 mmm
2093 2107 2264 2208 primunali
2296 2189 2297 2194 ἵ

290 2242 373 2288 eum
389 2218 507 2287 velitis
522 2220 567 2287 ad
580 2217 803 2309 inspicienda
819 2219 895 2287 eius
909 2219 1039 2294 studia.
1088 2215 1142 2290 Ea
1158 2244 1215 2290 res
1229 2243 1294 2290 cu·
1345 2219 1434 2315 quid
1450 2221 1495 2289 de
1507 2219 1581 2290 tuis
1599 2217 1758 2312 consiliis
1777 2217 1866 2287 scire
1880 2219 1999 2312 cupio.

290 2343 367 2390 ram
386 2334 422 2391 et
435 2319 715 2390 sollicitudinem
731 2321 766 2389 ei
781 2321 1028 2394 circumdaret.
1288 2395 1295 2402 ,
1345 2385 1350 2397 ,
1447 2319 1604 2392 Litterae
1630 2315 1701 2390 huc
1723 2315 1895 2389 Hiltneri
1915 2322 2041 2390 missae
2065 2311 2194 2412 sunt¹)‚
2218 2331 2265 2406 qut

393 2418 461 2493 Est
478 2417 538 2492 hic
555 2424 760 2494 adolescens
777 2415 958 2492 Michael
974 2415 1201 2510 Chilinnus,
1227 2447 1295 2494 na-
1345 2423 1545 2516 significant
1565 2423 1638 2493 iam
1664 2417 1864 2491 Brentium
1892 2438 1926 2496 et
1948 2418 2142 2519 Sneppium
2159 2415 2266 2490 llatishe

291 2539 351 2596 tus
370 2524 411 2593 in
433 2526 522 2594 urbe
542 2540 657 2595 vestra
683 2551 725 2596 er
741 2521 941 2623 Spoletini
959 2526 1086 2613 amita,
1111 2526 1209 2596 hono
1235 2528 1295 2596 in·
1346 2553 1429 2598 nam
1444 2527 1595 2600 venisse.
1639 2517 1776 2596 Caroli
1791 2522 2019 2617 Imperatoris
2032 2538 2207 2595 metatorem
2217 2537 2267 2584 nte

240 2657 243 2668 ¹
292 2629 397 2718 genio
422 2627 625 2719 praeditus,
650 2629 714 2722 qui
737 2631 826 2721 petit
841 2629 1077 2722 stipendium,
1102 2655 1175 2724 quo
1197 2653 1294 2701 nunc
1347 2633 1435 2700 dum
1450 2630 1608 2714 ibiesse‚
1632 2652 1699 2698 nec
1721 2627 1825 2714 sciri,
1849 2651 1940 2722 qnos
1958 2613 2266 2717 Theologosdeltttsl

290 2731 426 2800 fruitur
440 2726 704 2826 Hieronymus.
756 2729 869 2800 Valde
885 2746 920 2801 te
936 2756 1018 2816 oro,
1043 2746 1084 2802 ut
1099 2725 1296 2802 huncMi-
1346 2735 1393 2804 ad
1409 2732 1643 2824 colloquium.
2265 2813 2267 2824 Ι

293 2825 457 2902 choelem
472 2834 637 2914 adiuves,
660 2846 719 2917 ut,
745 2857 828 2902 cum
837 2830 1089 2928 Hieronymus
1106 2835 1296 2926 relinquet,
1449 2833 1553 2904 Hanc
1574 2833 1641 2903 tibi
1656 2831 1842 2924 epistolam
1864 2825 2048 2904 exhibebit
2061 2819 2266 2904 uaterEnsu

295 2935 336 3004 in
356 2929 455 3006 bunc
480 2927 693 3006 heneficium
713 2935 899 3025 publicum
921 2936 1134 3008 conferatur.
1185 2934 1295 3007 Mitto
1348 2930 1624 3016 Salveldensis,
1674 2937 1789 3006 nostri
1824 2927 2128 3032 συμφιλοσόφου,
2166 2923 2267 3012 mttlll

294 3037 364 3108 tibi
376 3037 583 3119 versiculos,
610 3038 673 3132 qui
689 3037 844 3108 citantur
860 3039 900 3106 in
914 3037 1297 3132 Lycurgicaoratione,
1349 3027 1542 3110 Iohannes
1568 3030 1842 3134 Snlveldensis,
1875 3038 1939 3131 qui
1964 3051 2090 3108 natura
2110 3035 2150 3106 ad
2167 3025 2266 3100 Philon

296 3139 360 3232 qni
376 3141 467 3209 tede
482 3141 554 3210 tuis
569 3139 750 3210 aerumnis
765 3139 1103 3227 commonefaciant,
1125 3165 1214 3234 quas
1231 3166 1296 3234 pro
1349 3136 1492 3234 phiam,
1513 3165 1589 3210 non
1610 3139 1729 3212 minus
1743 3164 1851 3233 quarn
1864 3143 1976 3210 frater
1991 3139 2144 3218 ducitur,
2171 3146 2197 3201 ct
2212 3142 2265 3195 ³⁰¹·

294 3238 416 3312 Patria
431 3256 465 3310 et
478 3241 718 3332 proEcclesia
735 3244 898 3316 sustines.
949 3241 1095 3314 Mittam
1113 3243 1199 3314 alias
1215 3245 1299 3338 plu·
1350 3246 1409 3314 dia
1432 3242 1610 3336 praeclare
1633 3255 1749 3327 tenet,
1773 3243 1834 3311 sed
1857 3255 1957 3334 pater
1972 3244 2138 3313 vulteum
2156 3236 2228 3303 illan
2241 3245 2264 3292 ⁵*

297 3367 349 3414 ra.
399 3339 498 3414 Bene
516 3345 604 3420 vale.
632 3345 768 3417 dista.
784 3340 1049 3441 Decembris').
1351 3345 1520 3440 pientiam
1533 3349 1613 3438 coir<
1626 3340 1831 3418 δικανικῶν
1847 3345 2004 3430 discere,
2029 3367 2129 3438 quam
2141 3337 2222 3407 solan
2234 3345 2264 3414 pt

804 3457 997 3554 Philippus
1020 3457 1248 3540 Melanthon,
1351 3463 1430 3520 tant
1450 3447 1653 3536 Quiritibus
1674 3447 1820 3544 dignam
1840 3469 1925 3522 esse.
1979 3445 2064 3518 ldeo
2090 3438 2214 3516 traducit
2226 3443 2263 3494 an

988 3569 994 3577 ·
1350 3549 1521 3643 Lipsiam.
1567 3549 1727 3647 *Quaeso
1762 3563 1882 3621 autem
1913 3563 1954 3622 ut
1990 3573 2071 3619 eum
2100 3540 2261 3649 compltfltfl

1352 3649 1446 3746 Nam
1460 3667 1497 3722 et
1511 3665 1722 3722 ornamento
1739 3665 1774 3722 et
1788 3653 1967 3744 praesidio
1983 3652 2052 3722 sihi
2066 3651 2136 3720 fore
2151 3643 2259 3740 anitfflffl

1355 3769 1451 3825 tuam
1465 3769 1592 3846 sperat
1626 3751 1709 3825 Scio
1725 3769 1843 3825 autem
1860 3769 1894 3826 te
1910 3767 1944 3824 et
1960 3753 2140 3844 ingenium
2154 3747 2208 3816 eius
2219 3745 2256 3845 etl

1155 3864 1211 3926 12.
1225 3853 1301 3922 Deo.
1354 3856 1461 3957 omni·
1475 3857 1614 3928 actione
1631 3859 1911 3958 moderationem
1932 3879 2079 3948 prorsus
2091 3832 2251 3948 stabul

644 4011 648 4020 Α
1162 3951 1285 3974 Μ
1353 3961 1587 4050 probaturum
1605 3981 1689 4032 esse.
1736 3957 1834 4029 Bene
1851 3973 1887 4030 et
1897 3959 2050 4029 feliciter
2063 3945 2201 4026 vale.lJ
2296 3989 2297 4046 p

576 4029 725 4113 ῙθαθῙῐ·
759 4026 1021 4116 camerari&
1308 4069 1313 4074 '
1353 4057 1521 4134 Brumae.
1573 4060 1691 4132 Tuam
1715 4063 1901 4153 epistolam
1922 4062 1967 4129 ad
1990 4027 2248 4143 Saarerariolt

347 4203 434 4278 Erit·
452 4207 485 4262 εδ
504 4209 642 4265 Cvmew·
660 4230 687 4283 r·
702 4211 753 4266 ⁵4⁶
771 4231 811 4283 ra·
830 4212 890 4282 tea.
908 4213 998 4269 nona.
1010 4213 1057 4269 tn.
1071 4213 1122 4270 ιν.
1140 4233 1184 4287 ep.
1202 4215 1285 4283 aaa),
1354 4161 1715 4362 tenhffigigilmm’
1747 4165 1828 4234 misi
1843 4165 1887 4234 ad
1910 4163 2036 4234 urbem
2059 4152 2215 4246 teatrum
2226 4147 2254 4214 ‘l

1354 4291 1421 4338 xeo
1626 4317 1636 4338 .

303 4355 530 4437 Clarissimo
557 4368 634 4438 viro
656 4365 860 4444 eruditione
885 4383 917 4444 et
938 4345 1067 4443 uirtute
1091 4373 1305 4473 praestanti
1734 4419 1740 4430 .
1919 4361 2108 4458 Philippus
2121 4333 2240 4430 Melani

317 4462 566 4540 lonchimo
592 4459 868 4545 Camerario
890 4470 1137 4572 Pabergensi,
1169 4475 1290 4548 amico

684 4599 753 4645 suo
785 4575 914 4652 coriss.
1371 4561 2264 4624 -——·‘··-··-“s

304 4679 348 4770 S.
373 4695 419 4774 D.
470 4701 587 4773 Multa
604 4706 755 4794 cogitavi
777 4705 834 4778 his
852 4711 978 4781 diebus
992 4712 1037 4780 de
1051 4711 1123 4782 tuis
1136 4710 1304 4795 inimicis,
1368 4764 1436 4840 No·
1453 4765 1566 4840 3331·
2169 4738 2259 4824 stlte

304 4803 532 4874 meminimus
549 4807 645 4874 enim
662 4833 769 4901 quam
784 4813 912 4883 stolide
928 4812 1117 4899 eluserint,
1145 4816 1205 4882 sed
1226 4813 1303 4882 elu-
1365 4861 1538 4892 ...Ν
2163 4820 2265 4870 ‘fl

308 4904 419 4974 serint
449 4917 568 4976 tamen
599 4911 772 4999 promissa
803 4915 848 4984 de
880 4901 988 4986 fratre
1011 4915 1302 4988 Ratishonensia.
1549 4949 1776 5034 Pontum
1806 4945 1870 5030 ad
1894 4945 2141 5030 Electorpm,

309 5004 396 5076 Sum
413 5007 522 5096 igitur
544 5011 581 5077 in
599 5026 706 5084 metu.
758 5009 864 5107 Apud
883 5013 1131 5111 Hipparchum
1146 5031 1179 5089 et
1193 5017 1302 5112 Poly·
2114 5097 2120 5110 .

308 5120 438 5178 cratem
456 5105 643 5182 Anacreon
658 5109 848 5185 inhonore
866 5119 952 5201 fuit,
978 5121 1181 5193 Simonides
1197 5121 1302 5189 etiam
1389 5107 1454 5176 ¹55¹
1468 5107 1760 5182 ³⁸¹⁰⁸l²⁹l⁰¹³⁰¹¹¹²¹¹l
1771 5097 2175 5167 ⁵⁰⁸⁸⁰¹³⁸T⁸¹³⁰lw³ffiffi⁶⁵m

308 5211 401 5300 apud
416 5205 654 5288 Phalaridem.
698 5213 761 5286 lsti
777 5243 862 5290 vero
877 5221 949 5291 illis
964 5223 1115 5316 rupibus
1130 5222 1303 5308 duriores,
1359 5257 1570 5272 -----

310 5395 538 5416 “““““““““
750 5401 752 5410 ·
1392 5351 1418 5418 1)
1437 5348 1500 5402 Vid.
1516 5367 1561 5403 eas
1578 5365 1662 5418 sopra
1681 5344 1707 5400 d.
1723 5347 1746 5398 l.
1760 5343 1884 5413 Deebr.,
1901 5351 1928 5398 et
1946 5337 2084 5415 epistolam
2096 5319 2191 5388 round
2205 5299 2271 5369 ’lli‘

1424 5428 1531 5473 ‘ctorem
1546 5417 1617 5486 inlra
1630 5417 1659 5470 d.
1675 5415 1718 5470 1³.
1732 5413 1819 5470 neeb.
1890 5455 1898 5476 ,

340 5501 369 5570 ’)
391 5503 487 5558 Annus
505 5503 573 5560 ests
591 5505 643 5562 alia
661 5527 758 5566 manne
774 5511 928 5584 adscriptus
946 5522 995 5570 est.
1385 5505 1420 5590 ¹2)
1438 5501 1611 5560 berolinom.
1647 5501 1681 5557 C·
1693 5497 1751 5555 W.

2181 5059 2269 5150 tta·ll
