4864 6244
258 309 358 392 *ooo
863 239 1298 370 sersrucauuiu
1320 280 1456 362 ,ιιιι
1480 278 1546 358 ιιι.
1599 278 1730 366 coca.
2213 287 2215 292 ’
2247 285 2322 372 sos

204 505 239 562 .·
284 503 408 568 mans,
432 471 526 548 banc
539 467 835 564 significationem
856 464 927 539 mei
941 487 1022 558 erga
1034 474 1071 538 te
1086 459 1199 536 animi
1214 455 1282 532 tibi
1328 480 1426 528 mum
1443 454 1596 548 excepit,
1620 455 1818 544 consulere,
1839 457 1884 530 ad
1898 453 2057 552 Regulos
2070 455 2147 533 eius
2160 457 2322 550 regionis,
2423 538 2426 547 Ι

286 609 363 660 non
390 583 564 672 ingratam
591 576 679 645 lore.
746 567 871 666 ltaque
897 563 978 640 boc¹
992 565 1070 662 ipso
1097 577 1222 640 tutore
1248 573 1283 630 et
1329 559 1524 654 expatiatus
1547 571 1616 644 est,
1641 558 1703 628 sed
1725 559 1845 632 alieno
1869 574 2046 655 tempore,
2076 585 2160 636 cum
2182 560 2255 635 iam
2273 561 2325 636 '1111

289 707 460 786 sponsore
479 683 524 752 de
542 679 726 748 voluntate
741 688 822 755 tua,
846 693 953 743 ausus
974 694 1054 742 sum
1074 667 1120 738 'ad
1137 680 1173 738 te
1195 661 1283 734 scri·
1328 663 1374 734 ad
1389 675 1501 738 castra
1521 675 1766 755 properarent.
1818 657 1881 736 Me
1902 687 2021 737 secum
2042 661 2212 750 abduxit,
2238 677 2327 738 tam-

288 797 392 876 bere,
418 810 458 857 ac
475 781 579 854 valde
601 796 636 852 te
657 802 744 862 oro,
767 790 808 847 ut
829 776 1111 870 qualemcunque
1127 789 1283 842 comme·
1328 764 1393 836 etsi
1417 765 1463 835 ad
1487 778 1521 838 te
1546 763 1723 857 proficisci
1746 764 1954 842 malueram.
2003 763 2078 838 Nec
2092 767 2253 860 profecto
2271 791 2325 842 me

288 890 525 968 morationem
544 883 616 952 mei
636 879 748 952 studii
764 892 800 950 et
816 876 947 948 amoris
970 897 1049 966 erga
1074 887 1108 944 te
1128 873 1167 941 in
1188 869 1282 962 opti·
1328 865 1559 939 deterruisset
1575 865 1738 960 cogitatio
1757 865 1990 940 mirificorum
2014 893 2220 958 sermpunm
2237 869 2325 940 civi.

288 1020 384 1070 mam
405 1003 541 1084 partem
560 982 731 1076 accipias,
750 994 784 1051 et
804 1003 862 1048 me
886 979 939 1048 tui
957 977 1157 1049 studiosum
1176 971 1283 1044 vicis·
1331 969 1411 1040 tatis
1426 980 1579 1054 vestrae,
1602 992 1692 1062 quae
1709 963 1777 1038 hoc
1794 983 1950 1062 tempore
1973 972 2071 1045 varia
2093 973 2261 1064 poemata
2283 973 2324 1044 de

285 1102 355 1174 sim
370 1087 618 1167 benevolentia
635 1099 696 1156 tua
713 1082 956 1173 complectare.
1007 1076 1203 1172 Reliquum
1220 1087 1284 1157 est,
1328 1071 1423 1142 bello
1440 1063 1639 1166 Lycaonio
1655 1069 1953 1161 comminiscetur.
1989 1073 2185 1148 subiissem
2204 1073 2323 1146 vultu,

290 1218 331 1276 ιιι
353 1198 421 1272 tibi
444 1187 633 1262 Halonem
653 1185 918 1269 commendem,
942 1205 1011 1278 qua
1034 1179 1147 1270 gratia
1169 1177 1243 1270 ipse
1263 1179 1290 1244 a
1329 1177 1407 1246 τῶν
1425 1165 1726 1268 ἐπιχαιρεκᾶκωκ.
1777 1171 1969 1250 Nouenim
1984 1201 2081 1248 nunc
2097 1176 2324 1250 dimicabitur
2420 1196 2423 1215 ¹

288 1330 346 1377 me
360 1301 481 1372 literas
497 1290 678 1384 flagitavit.
730 1287 801 1358 Sed
818 1308 880 1376 ego
896 1285 1033 1376 priores
1047 1295 1163 1374 partes
1178 1277 1284 1364 meas,
1330 1278 1373 1347 de
1395 1275 1467 1344 illis
1481 1273 1670 1370 Lycaoniis
1694 1276 1848 1363 exuviis,
1872 1279 1933 1349 sed
1957 1271 2041 1375 περὶ
2063 1269 2323 1362 καταστάσεως

288 1423 330 1480 ut
347 1427 410 1498 per
424 1397 522 1470 huuc
538 1397 655 1488 ipsum
671 1411 728 1462 me
744 1389 809 1460 tibi
830 1389 949 1479 potius
962 1381 1205 1456 commendari
1220 1406 1284 1449 vo·
1330 1373 1489 1453 ἀπασῶν
1508 1375 1731 1471 ἐκκλησιῶν,
1759 1378 1798 1448 in
1820 1380 1951 1473 quibus
1970 1394 2151 1475 utcunque
2177 1379 2323 1455 eluctari

2406 3116 2417 3353 l

2421 1045 2426 1098 l

289 1507 431 1581 luerim.
482 1498 573 1570 Nam
605 1497 649 1565 de
673 1493 751 1584 ipso
778 1490 899 1559 minus
927 1481 1020 1557 mibi
1047 1485 1284 1556 laborandum
1331 1480 1423 1572 cepit
1439 1481 1868 1572 exdensissimacaligine
1888 1483 2037 1569 veritas,
2062 1480 2108 1556 οὐ
2128 1481 2214 1579 περὶ
2235 1481 2323 1558 ὄνου

293 1617 367 1684 esic
383 1606 545 1686 videtur,
570 1621 610 1668 ac
628 1620 674 1666 ne
692 1619 783 1687 opus
800 1594 894 1684 apud
916 1604 952 1662 te
976 1589 1122 1683 quidem
1141 1607 1284 1655 accura-
1331 1585 1452 1668 σκιᾶς,
1488 1577 1581 1654 dttd
1603 1578 1774 1678 περὶτῆς
1802 1577 2046 1668 διδασκαλίας
2067 1575 2323 1679 adiutorium,

289 1714 381 1788 tiore
405 1700 713 1780 commendatione
737 1720 822 1766 esse.
880 1693 951 1764 Sed
976 1705 1093 1762 tamen
1116 1689 1199 1782 quia
1216 1686 1283 1757 ali·
1332 1674 1411 1778 ἕνῇ
1432 1679 1555 1765 diedo
1570 1681 1806 1781 ἐφανέρωσεν
1824 1680 1944 1760 αὑτοῦ
1967 1683 2146 1784 ἀκίνητον
2166 1681 2322 1788 γνώμην

289 1815 387 1912 quod
410 1804 655 1882 testimonium
677 1799 770 1869 vitae
791 1792 850 1866 bic
873 1809 969 1888 actae
997 1793 1135 1864 auferre
1159 1789 1285 1873 voluit,
1331 1783 1414 1882 napi
1430 1782 1615 1884 σωτηρίας
1630 1780 1860 1882 ἀνθρώπων.
1911 1789 2044 1888 Meque
2060 1805 2221 1862 sustento
2239 1815 2321 1861 con·

288 1916 359 1990 hoc
374 1913 445 2007 ipsi
460 1922 503 1982 ut
519 1903 716 1979 honorilice
732 1902 848 1979 detur,
871 1897 985 1969 virtus
999 1890 1157 1966 hominis
1170 1914 1285 1962 mere·
1332 1889 1477 1987 scientia
1492 1889 1647 1982 optimae
1668 1891 1882 1976 voluntatis,
1909 1894 2113 1987 quicunque
2130 1907 2238 1964 erunt
2255 1893 2321 1962 exi.

291 2036 365 2095 tur.
402 2013 518 2088 Erant
532 2004 602 2078 boc
615 2004 752 2098 prolixe
768 1998 1010 2072 confirmaturi
1027 1997 1099 2068 suis
1113 1995 1226 2065 literis
1239 1994 1283 2062 ad
1333 2005 1401 2064 tus.
1454 1990 1566 2083 Spero
1582 2005 1698 2061 autem
1713 2004 1748 2061 et
1765 1992 1878 2064 exitus
1895 2017 1992 2064 nunc
2008 1996 2153 2089 quidem
2177 2009 2255 2065 non
2275 2007 2320 2064 te-

290 2139 326 2196 te
340 2119 387 2192 D
402 2113 539 2188 Ductor
551 2099 742 2180 Lutherus
765 2117 801 2174 et
814 2095 1016 2199 Philippos
1032 2088 1284 2181 Melanthum
1332 2094 1509 2167 trossore.
1549 2091 1604 2163 De
1619 2087 1677 2162 bis
1691 2094 1798 2163 rebus
1812 2095 1971 2190 colloqui
1985 2111 2098 2167 tecum
2116 2121 2238 2168 coram
2253 2121 2321 2166 ma·

291 2225 353 2298 sed
381 2241 463 2290 casu
488 2213 633 2293 accidit,
658 2221 699 2278 ut
722 2231 820 2278 nunc
842 2217 1024 2294 cogeretur
1048 2203 1117 2272 iter
1145 2198 1285 2290 ingredi
1331 2196 1408 2270 lim.
1459 2193 1582 2290 Nuper
1604 2219 1684 2265 cum
1707 2196 1863 2281 adesses,
1887 2198 2020 2270 oblitus
2044 2223 2124 2269 sum
2147 2199 2217 2270 tibi
2244 2199 2322 2270 dare

291 2325 364 2397 illis
388 2317 616 2399 absentibus„
640 2335 720 2380 cum
743 2333 815 2379 una
838 2321 953 2377 essent
975 2307 1021 2376 ad
1049 2305 1188 2397 aliquot
1210 2301 1285 2370 dies
1332 2297 1410 2368 auri
1425 2298 1507 2389 puri
1521 2321 1672 2368 massam
1688 2312 1827 2379 natam,
1854 2321 1928 2370 non
1944 2314 2099 2386 coctam,
2123 2315 2164 2372 ut
2179 2304 2321 2371 fortasse

290 2421 483 2518 exspatiati.
536 2417 607 2489 Sed
629 2415 673 2484 de
698 2411 845 2482 illorum
869 2408 1003 2480 iudicio
1026 2406 1170 2478 interim
1193 2397 1285 2472 mibi
1333 2414 1467 2496 veteres
1481 2397 1660 2498 ἄπεφθον
1676 2401 1854 2485 dixerunt,
1880 2425 1959 2472 cum
1976 2403 2120 2496 quidem
2139 2406 2225 2474 dare
2240 2427 2320 2472 con-

290 2527 392 2612 tecti,
414 2536 455 2594 ut
479 2543 603 2614 spero,
629 2517 770 2601 credes,
794 2537 832 2584 ac
846 2507 1035 2581 Halontm
1050 2519 1285 2579 revertentem
1332 2503 1543 2589 stituissem,
1564 2503 1626 2572 sed
1644 2503 1696 2574 fui
1712 2503 1872 2595 ineptus,
1897 2527 1963 2596 pro
1980 2530 2081 2594 atrro,
2094 2506 2211 2578 silices
2234 2505 2320 2590 dedi,

291 2634 340 2704 ita
354 2625 522 2716 recipies,
547 2635 588 2692 ut
604 2619 667 2712 qui
684 2641 761 2687 eam
776 2612 1123 2687 commendationem
1138 2604 1285 2679 eximiae
1332 2629 1374 2674 ex
1408 2605 1506 2700 quib.
1541 2605 1634 2696 iguis
1669 2605 1864 2678 excuditur.
1915 2604 2020 2678 Nunc
2051 2600 2319 2704 Lysimachum

289 2729 480 2829 probitatis
513 2749 553 2796 ac
588 2721 718 2805 studii,
750 2716 953 2797 doctrinae,
985 2714 1143 2807 pietatis,
1176 2733 1284 2804 quam
1332 2708 1450 2793 mitto,
1476 2706 1514 2775 in
1530 2731 1600 2800 quo
1618 2704 1754 2806 Graeca
1769 2720 1820 2778 est
1834 2707 2037 2800 inscriptio,
2064 2709 2319 2804 delectoromi·

290 2836 395 2907 istinc
409 2833 456 2902 ad
470 2850 538 2898 nos
559 2823 696 2906 attulit,
720 2844 797 2890 uon
809 2817 980 2888 mediocri
1003 2815 1199 2886 accessione
1220 2837 1286 2883 au·
1331 2835 1396 2895 ne,
1421 2833 1502 2879 cum
1518 2801 1586 2879 boc
1607 2821 1764 2902 tempore
1780 2803 1990 2904 λυσιμάχαυ
2005 2805 2215 2907 μακεδόνσς
2234 2812 2318 2882 ima.

258 2929 261 2937 ’
290 2939 394 3010 xerit.
446 2927 662 3003 Audivimus
688 2919 872 2993 hominem
902 2932 962 2989 tua
987 2919 1088 2988 inse
1114 2913 1304 2987 beneficia.
1331 2934 1374 3002 go
1389 2907 1481 2981 mihi
1497 2912 1617 2983 oblata
1632 2923 1694 2987 est.
1745 2909 1945 2999 Benevole,
1972 2913 2016 2990 V.
2025 2913 2111 2987 ldus
2127 2911 2278 2988 Octobr.

290 3061 394 3138 saepe
407 3027 666 3129 perhonorifice
680 3037 718 3096 et
733 3047 814 3095 cum
828 3022 966 3115 prolixa
980 3009 1161 3092 mentione
1175 3016 1286 3108 grati-
1991 3028 2088 3109 Phil·
2100 3028 2280 3105 Melam

291 3139 427 3214 tudinis
444 3141 792 3206 commemorantem.
843 3124 963 3214 Quare
979 3147 1053 3194 non
1070 3122 1285 3204 dubitamus,
1337 3149 1344 3159 ·

292 3269 373 3316 eum
390 3263 500 3338 porro
514 3236 623 3324 etiarn
645 3255 712 3326 pro
730 3229 800 3301 tuis
815 3251 896 3318 erga
922 3227 1040 3320 ipsum
1056 3224 1192 3294 meritis
1209 3245 1285 3290 me·
1337 3249 2120 3282 *mv-‹mmm-

291 3345 427 3418 morem
440 3353 475 3412 et
490 3351 630 3428 gratnm
644 3337 732 3418 sore,
755 3353 941 3424 precamur
955 3343 1073 3399 autem
1088 3325 1203 3398 Deum
1219 3348 1285 3415 pa·

291 3439 538 3521 trem'domini
554 3439 670 3509 nostri
684 3434 765 3504 lesu
780 3429 935 3528 Christi,
960 3445 1002 3502 ut
1020 3444 1054 3500 et
1071 3441 1106 3499 te
1124 3429 1169 3498 ad
1184 3426 1285 3497 utili-

290 3561 400 3624 tatem
413 3544 592 3617 Ecclesiae
608 3561 691 3611 suae
712 3549 828 3607 servet
844 3535 1080 3614 incolumem,
1102 3545 1137 3602 et
1152 3541 1286 3600 vestras
1508 3613 1515 3624 ‚
1734 3577 1829 3663 Ed
2023 3591 2025 3599 Α

290 3649 467 3725 Ecclesiae
479 3657 577 3736 regat
591 3668 631 3713 ac
645 3654 800 3713 tueatur:
827 3639 897 3721 ita,
921 3651 963 3707 ut
978 3630 1285 3705 vicissimavobis
1334 3669 1339 3678 -
1717 3693 1719 3702 ¹
1779 3607 1793 3660 l
1829 3607 1903 3664 em·

292 3769 373 3825 vota
391 3777 456 3845 pro
479 3747 583 3819 nobis
597 3744 675 3815 fieri
691 3742 831 3814 scimus.
882 3737 981 3810 Beue
1002 3737 1093 3808 vale.
1144 3733 1287 3806 Witte-
1402 3737 1486 3812 Epist
1500 3739 1535 3794 ad
1549 3737 1689 3796 camerac.
1703 3755 1731 3814 p.
1742 3735 1793 3792 stt
1807 3755 1849 3810 oq.
1864 3738 1921 3810 (ed.
1931 3733 2022 3798 tons.
2038 3737 2085 3796 tv,
2105 3758 2148 3812 φ.
2163 3740 2251 3810 sao),

291 3860 418 3948 bergae
434 3853 493 3922 die
508 3903 518 3926 .
534 3900 543 3922 .
560 3903 570 3923 .
586 3900 595 3923 .
613 3844 783 3918 Octobris
801 3839 912 3917 1545.
1018 3871 1026 3894 ·

447 3991 453 3998 ·
906 3937 1235 4036 Caspar-Cruciger.

1319 3379 1527 3523 Q·
2170 3404 2312 3476 11.οα

2152 3495 2322 3526 “’““’
2410 3488 2420 3711 l

1327 3881 1492 3970 Clades.
1504 3891 1581 3966 viro
1590 3891 1825 3967 etcxcellcnti
1833 3893 1963 3967 virtute
1973 3905 2004 3966 ct
2014 3893 2223 3972 eruditione
2229 3921 2320 4000 prae-

1361 3993 1439 4072 dito
1460 3993 1488 4069 I
1494 3997 1547 4068 uir
1557 3990 1608 4070 ci
1620 3994 1675 4068 t'm
1688 4021 1708 4069 ο
1727 3988 1792 4068 Ca
1801 4023 1848 4070 m.
1861 3993 1955 4074 Pae.
1970 3999 2168 4072 amicosne
2182 4001 2295 4074 curus.

296 4145 937 4182 ·-ὲ----””--·--····--’·”·“·-
1336 4113 1381 4204 S.
1404 4133 1450 4210 D.
1497 4125 1596 4210 Οὐδὲ
1616 4129 1764 4230 θερμὸν
1785 4131 1891 4232 ὕδωρ
1912 4131 2069 4210 τοσόνδε
2090 4131 2217 4234 τεύχει
2240 4145 2330 4234 pul.-

361 4257 456 4390 (ΜΘ
466 4286 565 4360 Im
575 4282 666 4358 hon
695 4308 737 4356 Ν
748 4277 816 4353 dit
849 4273 955 4355 W,
963 4287 977 4349 ι
985 4301 1001 4349 3
1010 4273 1032 4348 b
1042 4301 1059 4350 ε
1069 4300 1119 4376 '8
1127 4251 1227 4366 ani.)
1337 4233 1443 4312 θακά
1456 4237 1559 4340 γυῖα,
1581 4235 1678 4312 κατὰ
1694 4232 1907 4333 Πίνδαρον,
1929 4235 1979 4320 ὣς
1992 4233 2086 4322 δόξα
2098 4247 2203 4316 ποιεῖ
2219 4239 2335 4320 πόκον

1337 4337 1447 4437 ἡδὺν.
1499 4341 1559 4435 Sic
1574 4340 1648 4416 ille.
1697 4337 1775 4432 Ego
1793 4365 1895 4426 vero,
1921 4343 1985 4412 etsi
2001 4345 2124 4418 multis
2141 4349 2260 4418 saevis
2277 4375 2338 4420 cu-

1338 4446 1388 4514 ris
1402 4446 1601 4530 excrucior,
1624 4458 1741 4514 tamen
1761 4443 1966 4514 suavissime
1987 4446 2174 4538 acquiesco
2190 4474 2279 4525 cnm
2300 4453 2339 4520 in

1219 4613 1249 4680 Ο
1340 4548 1563 4618 sermonibus
1585 4545 1654 4617 tuis
1672 4558 1706 4615 et
1724 4544 1980 4614 consuetudine
2003 4559 2081 4628 tua,
2104 4551 2247 4642 quoties
2267 4578 2340 4624 rena

307 4625 375 4701 ΝΟ·
392 4621 505 4696 32⁸5·
1120 4625 1293 4733 Q
1339 4673 1481 4734 sumus,
1505 4661 1583 4718 tum
1601 4669 1686 4716 vero
1704 4645 1814 4716 etiam
1830 4645 1870 4718 in
1891 4647 2104 4736 cogitatione
2120 4663 2204 4724 tuae
2221 4655 2341 4729 virtu-

368 4749 370 4754 ’
568 4793 706 4878 10αώ
753 4780 1001 4877 camerario
1110 4795 1111 4798 =
1339 4752 1404 4834 tis,
1426 4752 1533 4834 fidei,
1556 4761 1591 4818 et
1612 4747 1834 4840 prudentiae.
1883 4747 1956 4819 Nec
1980 4745 2073 4820 mibi
2094 4767 2238 4828 tantum
2263 4760 2340 4850 pri-

708 4853 719 4878 '
1004 4851 1011 4868 '
1339 4853 1448 4923 vatim
1464 4850 1654 4922 amicitiam
1670 4862 1768 4922 tuam
1785 4851 1953 4944 gratulor,
1973 4853 2034 4924 sed
2049 4852 2154 4949 Reip.
2169 4861 2340 4948 prodesse

363 4979 450 5055 Epist.
468 4979 501 5034 at
521 4979 660 5033 Gamerae.
677 4993 705 5048 p.
719 4973 779 5030 sto.
798 4971 855 5041 (et.
874 4970 960 5026 mot.
981 4967 1030 5024 tv.
1050 4985 1095 5042 ep.
1107 4966 1192 5034 oren.
1340 4955 1524 5046 ingenium
1539 4966 1652 5040 tuum,
1674 4967 1713 5024 et
1725 4966 1942 5046 perspectam
1957 4977 1997 5025 ac
2012 4959 2200 5047 probatam
2216 4964 2338 5032 omni-

403 5140 410 5159 ,
458 5136 465 5156 ,
570 5110 582 5152 ‚-
761 5130 798 5150 ,,
873 5151 875 5156 ,
961 5125 969 5143 ,
1068 5143 1074 5148 ,
1287 5059 1406 5144 ,bus
1428 5056 1778 5147 integritatemtuam
1796 5055 1945 5146 gaudeo.
1994 5055 2112 5128 Deum
2132 5061 2338 5154 igituroro,

297 5135 524 5215 Claresstmo
539 5159 637 5220 vcro,
660 5127 911 5205 eruditiones!
932 5135 1062 5197 vertute
1082 5131 1291 5224 praestante
1338 5174 1379 5231 ut
1399 5175 1434 5234 ,e
1456 5171 1571 5231 servet
1595 5172 1629 5230 et
1650 5157 1833 5250 gubernet.
1884 5153 1980 5230 Haec
2003 5161 2159 5234 breviter
2176 5191 2338 5238 comme.

337 5241 363 5315 I
372 5235 586 5316 oacdt'mo
612 5229 733 5311 Cam·
760 5229 798 5307 P
794 5230 854 5303 ab·
880 5229 999 5301 “mim
1024 5251 1093 5299 ⁸⁰⁰
1119 5225 1246 5302 ΜΣ·
1337 5265 1509 5336 morando
1534 5284 1608 5332 esse
1629 5258 1731 5344 duxi,
1757 5273 1797 5330 ut
1822 5262 2074 5350 responderem
2097 5266 2142 5333 ad
2168 5268 2338 5338 dulcissi-

295 5362 337 5458 S.
360 5378 406 5455 D.
457 5368 651 5447 Lucieno
681 5372 789 5470 etab
815 5368 937 5439 amicis
965 5380 1129 5456 rogatus,
1163 5378 1198 5435 et
1228 5387 1290 5436 sua
1338 5391 1432 5436 mam
1455 5363 1640 5458 epistolam
1662 5375 1779 5446 tuam,
1806 5360 1845 5430 in
1867 5386 1936 5457 qua
1958 5387 2074 5458 nuper
2095 5391 2175 5438 cum
2200 5369 2336 5441 illustri

295 5497 421 5580 ⁵1³⁰¹¹te
437 5481 583 5573 cupiens
601 5500 685 5548 ⁵1¹²st
708 5471 858 5565 palliae,
884 5493 973 5565 quae
994 5479 1197 5564 nascentem
1215 5468 1291 5562 pri·
1340 5467 1594 5559 significatione
1616 5464 1883 5553 benevolentiae
1908 5478 2007 5552 tuae,
2033 5482 2177 5561 questus
2199 5496 2255 5558 es,
2277 5495 2334 5542 me
