4864 6244
107 334 181 414 att

108 509 246 582 ratione
269 505 358 575 moti
379 527 512 576 summ.
562 497 610 574 Et
625 503 825 594 exemplum
850 499 1019 594 epistolae
1035 521 1103 566 no-

108 627 202 685 strae
231 606 382 678 Doctori
405 600 582 676 Medlero
605 605 802 690 mittemus,
849 627 955 698 quem
986 602 1103 694 ipsum

680 321 1133 402 ,EPISTOM’RUM
1192 317 1389 398 bist-ll(-
1442 317 1576 400 1546.

2078 322 2153 396 m

1152 493 1225 566 siae
1244 509 1397 569 nostrae.
1428 494 1608 568 saluum
1634 507 1718 588 opto
1743 497 1781 569 d.
1795 490 1924 567 honor.
1942 489 1992 590 (i)
2016 491 2151 566 Hiero·

1152 619 1282 692 aymo,
1309 585 1418 667 adlini
1436 619 1532 682 meo,
1554 612 1589 669 et
1604 599 1749 670 caeteris
1765 597 1899 673 amicis.
1944 595 2043 668 Bene
2059 599 2150 675 vate.

108 715 213 787 etiam
243 734 318 782 non
351 709 466 779 solum
493 704 739 794 hortabimur,
776 708 820 776 ad
854 705 1102 797 deponendam
1149 699 1217 772 Die
1231 699 1417 792 Baptistae¹
1429 701 1584 796 collegae
1600 701 1722 774 nostri.
1769 742 1773 757 ·

106 814 203 889 hanc
235 813 469 892 simultatem,
510 814 572 880 sed
607 809 713 880 etiam
748 808 1022 886 obtestabimur,
1062 819 1104 875 ut
1164 849 1169 858 -

107 919 261 1018 quadam
285 913 490 1004 diligentia,
516 914 622 1004 digna
644 913 743 1001 gravi
768 913 866 998 viro,
893 922 1030 988 caveat,
1057 931 1103 975 ne

106 1023 264 1093 irritasse
280 1041 483 1112 quenquam
502 1017 677 1087 videatur.
729 1013 845 1084 Tuam
868 1011 1053 1110 epistolam
1070 1009 1104 1078 ei

106 1151 180 1196 non
202 1124 448 1204 ostendemus,
473 1143 519 1188 ne
543 1121 755 1187 accendatur
769 1117 959 1186 verborum
978 1126 1104 1184 contu·

107 1227 242 1308 meliis,
268 1236 340 1293 eta
364 1237 398 1294 te
414 1222 594 1314 «petimus,
616 1233 657 1289 ut
673 1219 838 1309 deinceps
861 1219 905 1287 ad
929 1240 996 1286 nos
1017 1215 1104 1284 scri-

107 1346 252 1428 pturus,
286 1325 493 1418 praesertim
521 1323 566 1390 de
590 1317 733 1409 Collega
757 1320 873 1390 divini
897 1317 1104 1398 Ministerii,

106 1433 250 1505 omittas
265 1427 458 1498 sorensium
476 1437 511 1494 et
524 1423 727 1493 scurrilium
737 1423 925 1491 verborum
941 1417 1105 1512 ineptias,

106 1535 207 1606 aede
226 1531 332 1602 rebus
349 1529 434 1619 ipsis
449 1528 646 1595 verecunde
662 1539 696 1595 et
710 1523 864 1613 graviter
881 1523 986 1591 dicas.
1034 1519 1105 1588 Po-

106 1652 239 1709 stremo
255 1639 386 1704 'rursus
409 1626 526 1697 Deum
549 1640 751 1709 aeternum,
790 1623 931 1694 Patrem
949 1620 1105 1704 Domini

103 1739 223 1810 nostri
246 1733 274 1803 l.
296 1729 336 1804 C.
360 1753 523 1810 oramus,
550 1741 594 1798 ut
612 1725 808 1798 Ecclesiam
832 1727 900 1796 sibi
926 1739 1104 1796 aeternam

101 1842 142 1912 in
159 1835 220 1910 his
234 1833 439 1926 regionibus
454 1831 616 1921 colligat,
631 1845 730 1920 regat
747 1843 783 1901 et
798 1842 934 1913 servet,
955 1841 990 1898 et
1004 1849 1105 1896 scan-

100 1945 189 2015 dala
206 1965 245 2010 ac
259 1925 397 2008 furor‘es
414 1932 559 2004 Diaboli
574 1931 760 2026 reprimat!
801 1931 900 2002 Bene
916 1931 1005 2004 vale.
1036 1926 1105 1998 Die

102 2040 284 2116 Iohannis
300 2037 492 2130 Baptistae.
545 2032 654 2106 Anno
674 2031 785 2109 1545.

296 2138 448 2226 Rector,
475 2136 639 2228 Magistri
656 2151 690 2208 et
705 2134 877 2208 Doctores
893 2131 1106 2205 Academiae

533 2239 850 2329 Wittebergensis.

897 2457 1092 2468 a—m—-a--a

106 2467 512 2484 -p—..m-..ff--ss

953 2629 1011 2696 24.
1024 2621 1094 2687 lun.

929 2715 1100 2745 Μ

105 2632 179 2704 No.
203 2623 320 2704 5204.

101 2730 319 2794 w
428 2806 491 2891 M.
524 2802 789 2893 Corlstadio.

174 2977 198 3041 ·1·
220 2969 258 3026 Ex
276 2965 445 3044 autographo
465 2967 613 3042 Melania,
644 2967 719 3051 quod
742 2976 782 3024 est
805 2967 836 3022 in
860 2965 986 3025 bibliotb.
1007 2965 1051 3025 Pl.
1071 2967 1107 3024 R.

210 3040 350 3114 Bachrii,
367 3039 414 3112 qui
427 3055 485 3092 um
498 3037 565 3094 mibi
578 3039 730 3111 descripsit.

99 3194 334 3276 Eruditione
359 3203 392 3266 ct
420 3193 549 3266 virtute
567 3196 781 3295 praestanti
796 3191 996 3291 Magistro
1010 3192 1106 3267 Mi-

98 3299 271 3382 abacti
295 3292 650 3371 Carolostadio
676 3298 717 3370 in
743 3295 945 3370 Academia
973 3293 1104 3398 Gniss-

382 3397 586 3486 waldensi,
610 3399 730 3472 antico
753 3425 836 3488 sao,

94 3522 146 3614 S.
185 3539 233 3614 D.
291 3533 481 3608 Carissime
522 3527 691 3606 Michael.
754 3533 974 3624 Delatigatus
1008 3557 1102 3604 eram

96 3639 306 3720 scribendis
339 3635 469 3719 literis,
507 3635 587 3704 ideo
623 3634 805 3706 brevitatis
838 3638 979 3706 veniam
1007 3639 1102 3711 dato.

95 3749 188 3822 Tuo
211 3763 332 3814 amore
350 3761 432 3828 erga
448 3760 506 3806 me
522 3739 695 3822 delector,
721 3762 760 3807 ac
785 3739 934 3830 gratiam
954 3740 1019 3810 tibi
1038 3735 1097 3810 ha-

93 3857 190 3934 beo,
213 3845 309 3940 quod
339 3855 374 3912 et
398 3855 457 3912 tua
481 3853 518 3912 et
538 3840 737 3910 academiae
751 3841 868 3912 studia
886 3837 976 3911 mibi
991 3843 1101 3933 signi-

94 3948 229 4028 ficasti.
284 3943 397 4034 Perge
421 3966 549 4013 ornare
568 3956 602 4012 et
628 3944 844 4013 academiam
866 3942 964 4012 illam
982 3959 1016 4014 et
1030 3943 1100 4016 Ec-

93 4055 322 4135 clesiamtua
341 4045 524 4136 diligentia
547 4045 777 4119 inducendo.
828 4041 1008 4137 Collegam
1034 4048 1102 4118 tibi

93 4163 287 4236 mittemus
308 4152 451 4222 doctum
478 4148 615 4234 sirum,
647 4147 711 4242 qui
732 4146 794 4218 diu
811 4141 1009 4219 Ioachr'mo
1024 4137 1102 4218 Ca-

95 4255 267 4338 merario
281 4249 469 4325 familiaris
482 4251 568 4334 luit,
594 4263 627 4319 et
644 4250 775 4320 erudiit
789 4243 1019 4322 bonestorum
1036 4248 1103 4322 lto-

94 4369 246 4442 minum
269 4357 404 4428 liberos
424 4340 645 4424 Camerario
665 4355 939 4428 commendatos.
992 4353 1102 4426 Nosse

95 4488 132 4545 te
146 4461 338 4540 hominem
355 4456 521 4529 arbitror.
571 4449 859 4550 Noribergensis
876 4469 946 4541 est,
970 4481 1103 4548 coguo-

94 4575 201 4646 mine
227 4552 446 4654 Sciaras‘);
473 4558 559 4628 olim
584 4559 691 4629 etiam
712 4559 752 4628 in
777 4559 955 4630 academia
981 4574 1103 4631 nostra

93 4683 265 4748 versatus
281 4679 341 4736 est.
373 4667 465 4731 Haec
484 4660 642 4730 indicato
657 4660 719 4746 iis,
731 4663 796 4754 qui
809 4663 905 4753 apud
921 4686 985 4732 vos
1002 4686 1102 4752 prae-

93 4792 197 4852 sunt.
251 4767 306 4839 De
321 4759 486 4854 theologo
500 4761 606 4833 etiam
623 4763 752 4834 scribet
767 4762 811 4835 D.
825 4755 965 4834 Pastor
979 4761 1103 4836 Eccle-

94 4949 334 4978 “ff-...-

129 5065 152 5108 st
189 5061 237 5116 D!
256 5052 355 5109 Sciuro
369 5047 531 5117 (Eicbborn)
549 5045 684 5101 mittendo
696 5044 944 5116 Grypbissraldiam
960 5047 1040 5102 ride
1060 5048 1104 5100 ist.

153 5073 207 5191 ,ul
230 5123 369 5206 Camersr.
390 5117 420 5170 d.
441 5117 469 5171 d.
490 5118 517 5168 2.
532 5115 584 5170 lul.
601 5118 676 5171 1545.
713 5115 841 5196 Sciucum
860 5115 978 5188 denique
997 5120 1025 5170 in
1044 5065 1102 5170 Po-

167 5211 324 5330 atttt'?
339 5184 1103 5326 ttbtt’ltt'ttt?affitttttltli‘lttt

170 5333 253 5398 1548.
294 5326 408 5384 sciurus
433 5323 524 5394 potius
548 5325 755 5379 commendatus
780 5333 821 5378 cst
843 5341 858 5378 s
877 5321 1054 5378 Metanstone
1077 5333 1103 5376 et

50 5405 61 5418 ‘
168 5397 334 5468 &merceio
360 5395 473 5448 Alberto
516 5391 589 5446 Daci
614 5393 753 5460 Penariae,
784 5401 811 5448 et
836 5411 909 5446 anno
934 5388 1103 5444 totondit

169 5473 399 5596 Reqiomoutum.
453 5431 517 5518 Vid.
537 5460 607 5520 stet.
632 5481 676 5535 ep.
705 5463 740 5516 sd
768 5461 912 5518 Albertum
938 5459 1047 5516 Ducem
1072 5459 1101 5520 d.

167 5551 197 5607 6,
233 5539 272 5598 ul.
291 5535 369 5591 1546.

1667 797 1858 896 Philippus
1873 737 2100 874 Melanthbn.

2009 1157 2149 1282 Q.

1151 1153 1215 1230 No.
1232 1156 1343 1232 3205.

1150 1247 1322 1282 m

1496 1355 1555 1445 M.
1592 1353 1803 1444 Crodeiio.

1254 1515 1340 1588 Epist.
1359 1515 1409 1576 lib.
1429 1514 1463 1572 V.
1484 1533 1510 1586 p.
1530 1515 1583 1572 tt!
1600 1534 1644 1588 sq.

1152 1651 1211 1730 M
1214 1650 1320 1735 arca
1344 1659 1567 1752 Crudelio
1598 1663 1844 1864 (gabqnanli
1866 1661 2035 1740 scholam
2051 1657 2151 1738 Tor-

1281 1797 1285 1811 *
1559 1792 1705 1866 gensem

1152 1879 1197 1970 S.
1221 1895 1267 1972 D.
1326 1893 1544 1972 Charissime
1559 1899 1704 1976 Marce.
1764 1902 1835 1976 Hic
1856 1898 2026 1976 honestus
2045 1927 2151 1976 senex

1153 2016 1204 2073 est
1218 2000 1345 2072 Pastor
1361 1999 1541 2074 Ecclesiae
1554 1998 1820 2090 Lacavr'anae,
1846 2022 1881 2079 et
1897 2033 1918 2077 a
1936 2003 2151 2078 Reverendo

1152 2103 1222 2174 Dm
1238 2100 1340 2178 Doct.
1358 2099 1538 2176 Martiae
1554 2100 1726 2180 Lachere
1746 2111 2014 2181 commendatus
2034 2123 2087 2184 est
2102 2105 2153 2178 ll·

1153 2205 1364 2276 lustrissimo
1386 2205 1566 2298 Principi,
1597 2225 1639 2282 ut
1653 2214 1855 2283 succederet
1878 2213 1918 2282 in
1936 2214 2055 2284 locum
2073 2206 2153 2287 Aa·

1149 2303 1298 2402 gastini
1310 2300 1539 2380 Coldicensis
1552 2303 1601 2406 *).
1654 2311 1726 2382 Sed
1747 2313 1839 2382 alius
1862 2314 2008 2406 quidam
2023 2305 2154 2382 Rach-

1154 2407 1312 2480 litianas
1328 2407 1711 2502 petivitholditianae
1725 2409 1904 2484 Ecclesiae
1918 2415 2149 2504 gubernatio·

1153 2537 1249 2586 nem.
1297 2511 1389 2584 Cum
1404 2527 1521 2585 autem
1538 2511 1719 2588 illustriss.
1738 2515 1908 2608 Princeps
1922 2519 2085 2588 nondum
2102 2517 2151 2588 si·

1153 2615 1389 2708 gnificaverit,
1414 2616 1486 2686 utri
1502 2619 1727 2690 commendet
1741 2613 2010 2690 Chalditiauam
2026 2617 2151 2691 Eccle-

1153 2720 1260 2802 siam,
1287 2713 1519 2792 Rachlitiano
1540 2719 1614 2806 illi,
1638 2745 1685 2792 an
1702 2744 1785 2794 vero
1810 2716 1897 2792 huic
1918 2720 2013 2808 seni,
2039 2721 2150 2814 proli-

1153 2822 1297 2894 ciscitur
1312 2815 1371 2892 bic
1387 2845 1493 2892 senex
1508 2823 1551 2892 ad
1569 2823 1705 2906 aulam,
1729 2837 1769 2894 ut
1783 2825 1960 2916 exploret,
1983 2823 2073 2918 quid
2087 2825 2152 2896 de-

1153 2939 1288 2996 cretum
1312 2926 1369 2994 sit
1422 2919 1501 2996 Oro
1524 2939 1577 3012 te,
1602 2939 1641 2996 ut
1670 2949 1750 2998 eum
1765 2927 1918 2998 deducas
1940 2927 1986 3000 ad
2000 2924 2152 3004 d.Doct.

1151 3021 1191 3099 T
1190 3022 1347 3113 allebata,
1378 3039 1429 3108 et,
1453 3027 1484 3098 si
1505 3023 1623 3100 adhuc
1644 3053 1700 3100 res
1716 3027 1853 3118 integra
1871 3043 1940 3112 est,
1966 3053 2151 3102 commen·

1153 3132 1214 3202 des
1238 3155 1321 3200 eum
1345 3129 1457 3202 aulae.
1507 3125 1574 3201 Est
1600 3130 1695 3200 enim
1719 3131 1773 3200 vir
1790 3127 1961 3207 honestus
1978 3133 2152 3204 etmode-

1152 3245 1270 3318 ratus,
1300 3245 1335 3302 et
1354 3229 1418 3302 diu
1440 3231 1595 3322 praefuit
1618 3228 1798 3304 Ecclesiae
1822 3225 2050 3307 Cervcstcasi
2069 3257 2150 3304 cum

1153 3335 1269 3408 laude.
1319 3331 1425 3404 Nunc
1447 3356 1551 3404 senex
1574 3335 1614 3407 in
1628 3331 1748 3406 Patria
1771 3335 1983 3428 quietiorem
2000 3347 2035 3408 et
2048 3348 2150 3405 tran·

1151 3437 1356 3532 quilliorem
1381 3434 1500 3527 locum
1514 3437 1665 3529 quaerit.
1717 3435 1826 3508 Mitto
1852 3438 1920 3529 tibi
1936 3452 1971 3508 et
1986 3433 2056 3510 Dn.
2073 3435 2151 3510 Do·

1150 3540 1241 3610 ctori
1255 3529 1461 3608 Malthace
1473 3544 1634 3632 poemata
1650 3538 1906 3632 precationum.
1944 3537 2042 3610 Bene
2058 3539 2149 3617 vale.

1148 3641 1325 3716 Postridie
1339 3639 1537 3734 Baptistae,
1561 3640 1727 3730 Collegae
1744 3642 1880 3727 nostri,
1908 3638 2020 3716 1545.

1654 3739 1845 3838 Philippus
1870 3739 2097 3818 Melanthon.

1151 3973 1219 3982 ...ω
1235 3976 1286 3983 -,..
1716 3973 2136 3985 mm..-

1174 4117 1242 4192 No.
1257 4117 1373 4193 stoa.

1155 4215 1369 4253 Μ

2003 4131 2061 4195 28·
2078 4121 2149 4189 Iun.
2176 4127 2180 4140 '

2008 4215 2147 4244 M

1517 4300 1568 4405 G.
1596 4313 1790 4406 Rinclcio.

1236 4481 1257 4543 †
1268 4476 1492 4618 1Ersppograplro
1511 4477 1608 4534 Bucari
1623 4479 1687 4534 Vol.
1702 4481 1723 4534 l.
1749 4499 1777 4552 p.
1790 4479 1851 4536 860.
1870 4489 1896 4536 et
1909 4479 1971 4536 cod.
1986 4479 2072 4536 Gotb.
2084 4478 2148 4534 tot.

1149 4691 1376 4772 Clarissimo
1396 4698 1492 4786 viro,
1513 4698 1644 4771 virtute
1669 4707 1702 4770 et
1720 4699 1908 4798 sapientia
1926 4703 2147 4800 praestanti,

1176 4796 1271 4872 Gai
1277 4800 1303 4878 l.
1316 4797 1384 4872 Ri
1388 4827 1413 4871 n
1424 4799 1481 4888 clr,
1504 4811 1747 4900 patronosao
1761 4799 2120 4880 colendoRMclan.

1149 4915 1195 5008 S.
1218 4933 1264 5010 D.
1313 4931 1431 5008 Deum
1453 4949 1636 5006 aeternum
1655 4949 1792 5029 patrem
1807 4935 1853 5009 D.
1868 4961 1907 5010 n.
1922 4934 1950 5011 l.
1965 4935 2006 5014 C.
2021 4939 2146 5010 condi-

1149 5053 1262 5110 torem
1285 5039 1423 5128 generis
1449 5032 1615 5122 humani,
1635 5052 1670 5109 et
1686 5051 1864 5110 auctorem
1884 5035 2146 5133 pulcherrimae

1150 5141 1324 5212 societatis
1339 5135 1527 5210 hominum
1546 5152 1582 5210 et
1596 5141 1772 5232 coniugii,
1786 5166 1870 5224 oro,
1889 5157 1931 5216 ut
1947 5143 2039 5214 adsit
2052 5145 2146 5215 filiae

1184 5457 1213 5524 *l
1232 5451 1378 5538 Apgustin.
1396 5451 1512 5526 Hymet,
1532 5453 1630 5510 Pastor
1644 5453 1834 5526 callistenen,
1858 5455 1905 5529 qui
1924 5455 1952 5512 in
1972 5455 2063 5513 locum
2080 5455 2145 5528 Sps·

1220 5524 1296 5580 latras
1316 5523 1517 5596 Altenburgum
1534 5535 1711 5582 sumet.
2127 5543 2134 5560 t
