4842 6256
328 299 406 378 259

331 471 361 546 Ι
359 473 602 551 ilustrissimo
609 471 777 575 Principi
783 503 827 551 ac
834 476 1015 570 Domino,
1023 476 1140 557 Dm]
1150 475 1235 554 oho
1246 480 1329 554 nni

331 575 555 669 Ernesto,
603 580 730 654 Duri
761 579 1027 672 Senoniae,
1076 579 1328 681 Landgrovio

380 677 636 779 Thuringioe‚
669 679 894 758 Marotiani
911 683 1099 776 Misniae,
1132 681 1178 765 V
1182 686 1276 758 itus

591 781 885 860 'Theodorus
936 785 977 866 S.
1004 786 1058 864 D.

331 947 494 1041 Condita
520 984 604 1042 sunt
624 967 711 1042 haec
734 967 972 1064 pulcherrima
1006 971 1130 1042 mundi
1166 997 1326 1064 corpora,

329 1073 487 1158 coelum,
512 1074 657 1167 sydera,
673 1073 865 1159 elementa,
881 1075 1036 1164 plantae,
1058 1075 1274 1155 animantia,
1291 1089 1326 1144 et

329 1176 423 1246 mira
439 1187 515 1246 arte
529 1175 738 1254 distributa,
765 1189 806 1246 ut
819 1173 933 1246 Deum
959 1189 1141 1246 aeternum
1164 1177 1323 1267 opificem

329 1300 617 1368 agnosceremus,
640 1291 674 1348 et
691 1277 977 1368 intelligeremus,
989 1280 1047 1348 ab
1061 1279 1138 1369 ipso
1152 1279 1257 1348 nobis
1269 1279 1326 1345 vi-

329 1391 386 1450 tae
409 1380 520 1469 legem
544 1380 688 1460 insitam
712 1401 804 1464 esse,
833 1381 935 1449 cuius
970 1380 1095 1450 officiis
1129 1380 1199 1449 coli
1227 1380 1325 1450 velit.

329 1477 426 1552 Haec
439 1481 500 1551 lux
514 1481 669 1550 fulsisset
684 1480 722 1550 in
738 1475 928 1552 hominum
942 1482 1140 1566 mentibus,
1166 1482 1243 1551 sine
1257 1483 1324 1553 du-

328 1583 522 1663 bitatione,
546 1584 623 1652 sine
635 1582 832 1668 erroribus,
857 1585 890 1653 si
904 1597 1031 1656 natura
1047 1580 1233 1678 hominum
1249 1608 1323 1654 nou

327 1684 567 1758 accersivisset
582 1685 651 1754 sibi
666 1686 888 1782 contumacia
908 1711 970 1756 sua
986 1686 1202 1758 tristissimas
1224 1702 1323 1758 tene-

328 1790 410 1860 bras
426 1800 461 1858 et
477 1785 564 1856 alias
582 1782 780 1858 horrendas
799 1788 1026 1864 calamitates.
1068 1788 1212 1877 Quanta
1223 1788 1321 1857 'enim

328 1891 373 1962 sit
398 1891 601 1962 animorum
624 1891 736 1980 caligo
759 1890 799 1958 in
822 1885 888 1960 hac
909 1905 1057 1962 naturae
1080 1890 1322 1962 imbecillitate

328 1994 374 2064 de
395 1990 464 2064 Dei
483 2006 611 2063 natura
639 2006 673 2063 et
701 1992 901 2077 voluntate,
933 1994 977 2062 de
1000 1993 1245 2085 providentia,
1278 1994 1322 2062 de

327 2119 447 2166 rerum
463 2095 739 2186 gubernatione,
765 2093 1002 2166 dubitationes
1017 2095 1144 2164 infixae
1161 2095 1323 2184 singulo-

326 2221 410 2268 rum
434 2197 615 2268 mentibus
638 2197 852 2282 ostendunt,
888 2198 932 2266 de
954 2197 1084 2290 quibus
1105 2221 1187 2267 vere
1213 2210 1248 2266 et
1266 2219 1322 2266 sa-

326 2292 587 2396 pienterPloto
602 2299 736 2394 inquit:
762 2299 925 2369 convinci
940 2299 1078 2369 animos
1093 2299 1229 2388 legibus
1243 2322 1322 2368 mo-

327 2417 429 2476 tuum
454 2403 661 2473 coelestium
682 2416 716 2473 et
745 2402 825 2472 aliis
856 2401 1085 2482 testimoniis,
1125 2413 1182 2484 ut,
1222 2395 1320 2470 hunc

324 2504 503 2577 mnndum
525 2507 571 2576 ab
591 2518 734 2576 aeterna
750 2517 867 2574 mente
887 2504 1011 2597 opifice
1028 2501 1213 2574 conditum
1237 2527 1321 2588 esse,

326 2609 429 2679 fateri
443 2629 627 2698 cogamur;
643 2609 703 2676 sed
718 2621 836 2677 tamen
850 2611 999 2678 eandem
1015 2603 1226 2676 sententiam
1240 2618 1321 2675 tan-

326 2733 433 2806 quam
462 2710 630 2802 procellis
658 2710 786 2801 obrui,
821 2734 903 2780 cum
932 2732 1052 2779 rerum
1080 2702 1319 2777 humanarum

326 2811 552 2884 confusiones
573 2813 775 2894 intuemur,
802 2835 883 2882 cum
906 2811 1039 2901 negligi
1054 2833 1120 2880 nos
1142 2833 1181 2879 ac
1203 2809 1319 2879 deseri

324 2914 366 2986 in
386 2915 524 3006 magnis
546 2915 725 2987 aerumnis
750 2914 923 2989 videmus.
972 2908 1038 2989 Ex,
1053 2907 1109 2980 his
1123 2911 1319 2984 dubitatio-

324 3017 432 3089 nibus
446 3012 750 3110 Philosophorum
773 3017 911 3086 fnrores
932 3011 1140 3098 extiterunt,
1165 3039 1318 3108 quorum

324 3119 407 3205 alii,
439 3133 479 3190 ut
499 3116 695 3215 Epicurei,
728 3141 872 3209 prorsus
894 3129 1070 3206 negarunt
1091 3139 1163 3186 esse
1188 3115 1317 3202 Deum,

323 3223 404 3308 alii,
418 3236 460 3294 ut
476 3217 689 3294 Aristoteles
703 3236 737 3294 et
751 3215 886 3306 Stoici,
907 3220 972 3290 etsi
985 3233 1184 3310 senserunt,
1198 3215 1316 3289 Deum

322 3347 396 3396 esse
416 3338 572 3395 mentem
597 3338 799 3410 aeternam,
830 3337 967 3410 tamen,
992 3338 1035 3395 ut
1053 3319 1182 3392 Poetae
1205 3321 1316 3390 finxe-

320 3443 407 3499 runt
429 3426 625 3499 Saturnum
646 3452 667 3498 a
690 3425 775 3498 love
802 3441 963 3520 captum,
1001 3426 1051 3497 ita
1083 3424 1143 3494 isti
1169 3424 1317 3515 alligant

319 3527 436 3602 Deum
452 3531 616 3601 secundis
631 3530 766 3610 causis,
789 3553 854 3598 nec
870 3529 1044 3598 actionem
1065 3526 1099 3596 ei
1118 3526 1229 3596 ullam
1250 3526 1315 3597 tri-

320 3633 455 3717 buunt,
480 3633 552 3702 nisi
566 3647 608 3704 ut
620 3634 689 3702 fert
707 3653 898 3700 concursus
913 3630 1063 3702 usitatos
1079 3630 1313 3700 secundarum

320 3759 518 3808 causarum.
569 3732 648 3804 Hoc
662 3732 790 3802 delirio
804 3731 993 3802 fascinatas
1008 3743 1142 3801 mentes
1164 3755 1228 3802 nec
1253 3755 1313 3821 pc-

319 3851 393 3908 tere
407 3861 473 3907 nec
488 3850 669 3926 expectare
690 3835 785 3905 bona
803 3857 823 3903 a
839 3831 916 3904 Deo
935 3847 1105 3925 possunt,
1137 3833 1312 3926 siquidem

320 3952 468 4010 eventus
485 3937 682 4008 necessario
695 3936 866 4030 proximis
883 3936 996 4007 catrsis
1018 3936 1241 4006 naturalibus
1257 3958 1314 4004 re·

320 4043 508 4134 spondent.
557 4037 654 4110 Haec
678 4065 760 4112 cum
786 4039 839 4110 illi
862 4039 1103 4132 disputarent,
1134 4061 1209 4107 non
1232 4052 1313 4108 tan-

318 4159 395 4216 tum
411 4165 491 4213 suas
507 4142 694 4234 opiniones
709 4143 770 4212 sed
786 4166 993 4213 communes
1010 4142 1148 4232 generis
1165 4137 1313 4212 humani

321 4268 457 4316 errores
485 4256 606 4314 erutos
625 4245 864 4338 protulerunt.
916 4243 1073 4314 Maxima
1095 4268 1174 4336 pars
1194 4240 1312 4314 homi-

318 4373 407 4417 num
421 4347 541 4436 deligit
555 4348 676 4418 oculos
692 4348 731 4418 in
748 4371 868 4418 causas
884 4350 1075 4432 secundas,
1100 4371 1164 4444 nec
1182 4349 1312 4438 guber-

319 4465 479 4522 natorem
503 4449 657 4542 aspicere
678 4452 802 4535 audet,
835 4473 899 4518 nec
929 4463 1111 4540 expectare
1140 4453 1313 4520 secunda-

317 4579 397 4626 rum
411 4577 595 4624 causarum
607 4575 668 4622 seu
675 4551 930 4642 repressionem
941 4575 1009 4622 seu
1019 4554 1311 4638 moderationem,

320 4671 361 4727 ut
382 4653 481 4726 Elias
502 4656 540 4724 in
565 4678 702 4724 summo
727 4668 825 4724 aestu
844 4653 1003 4743 pluviam
1020 4655 1163 4744 petivit,
1183 4651 1309 4724 Esaiae

319 4783 439 4852 preces
462 4755 627 4829 hostilem
643 4755 834 4828 exercitum
853 4756 1080 4848 depulerunt.
1130 4753 1221 4826 Cum
1241 4757 1310 4846 igi-

317 4874 377 4933 tur
392 4862 431 4930 in
447 4874 575 4931 natura
591 4856 778 4931 hominum
799 4870 879 4950 post
904 4859 1102 4949 primorum
1121 4871 1309 4950 parentum

907 301 1352 387 EPISTOLARUM
1408 307 1610 388 stulu.
1663 307 1796 389 tutu.

1380 484 1594 556 testimoniis
1617 483 1701 554 inde
1726 507 1838 578 usque
1870 486 1915 556 ab
1938 484 2044 558 initio
2065 487 2234 580 patefecit,
2263 489 2334 562 clara

1378 612 1464 658 voce
1478 587 1625 658 tradidit
1640 587 1911 679 promissionem
1932 602 2093 660 aeternae
2115 589 2246 671 salutis,
2269 615 2334 661 con·

1378 688 1540 760 cionatus
1562 702 1614 760 est
1639 690 1684 758 de
1706 688 1859 773 iudicio,
1892 689 1930 759 in
1952 715 2024 785 quo
2046 705 2126 784 post
2145 686 2232 762 hanc
2249 692 2335 762 vitan

1378 791 1624 862 discernentur
1640 790 1693 883 pii
1708 792 1753 862 ab
1769 790 1902 884 impiis.
1940 790 2070 883 Legem
2085 817 2273 888 quanquam
2287 817 2336 864 ua-

1377 904 1477 963 turae
1500 907 1642 977 notam,
1673 905 1791 964 tamen
1811 916 1875 963 sua
1897 918 1984 965 voce
2005 896 2227 980 instauravit,
2254 919 2336 966 mou-

1376 995 1502 1065 stravit
1517 996 1633 1065 cultus
1648 1017 1761 1068 veros.
1813 989 1970 1084 Addidit,
1989 995 2088 1088 signa
2112 1020 2184 1067 non
2197 995 2336 1086 vulgaria,

1376 1098 1436 1166 sed
1455 1120 1544 1190 quae
1560 1095 1655 1177 fieri,
1670 1095 1800 1170 nisiab
1817 1095 1989 1167 immensa
2005 1098 2180 1193 potentia,
2193 1121 2260 1168 nou
2273 1120 2336 1190 pos·

1376 1212 1470 1268 sunt.
1517 1195 1717 1269 Revocavit
1738 1211 1896 1268 mortuos
1919 1199 1966 1268 in'
1983 1201 2111 1286 vitam,
2133 1213 2244 1272 motus
2262 1193 2335 1267 iubi-

1376 1300 1454 1371 buit
1470 1299 1560 1369 coeli
1572 1313 1607 1370 et
1621 1299 1705 1368 solis
1719 1321 1881 1385 cursum,
1906 1301 2042 1372 reflexit
2057 1303 2166 1392 etiam
2187 1301 2265 1372 solis
2276 1322 2336 1370 cur·

1375 1425 1473 1481 sum,
1489 1414 1529 1471 ut
1542 1403 1711 1472 refutaret
1728 1396 1924 1472 humanum
1940 1403 2125 1491 delirium,
2142 1403 2233 1498 quod
2245 1399 2334 1473 Deum

1376 1505 1421 1572 ad
1435 1504 1606 1574 secundas
1622 1525 1760 1589 causas,
1785 1515 1955 1598 tanquam
1973 1505 2017 1574 ad
2033 1503 2254 1576 Homericam
2266 1515 2334 1572 catc-

1377 1629 1478 1690 nam,
1502 1605 1696 1696 suspendit.
1747 1603 1931 1676 Postremo
1946 1606 2021 1697 ipse
2033 1604 2103 1678 Dei
2124 1607 2216 1677 lilius
2236 1600 2335 1676 huma·

1377 1731 1460 1776 nam
1481 1722 1645 1778 naturam
1670 1707 1876 1799 assumpsit,
1908 1708 2024 1798 palam
2046 1707 2229 1780 nobiscum
2246 1725 2336 1776 verse·

1376 1821 1433 1878 tus
1464 1823 1534 1893 est,
1566 1809 1704 1890 docuit,
1736 1810 1850 1879 factus
1878 1822 1930 1878 est
1959 1810 2124 1898 victima,
2147 1825 2181 1882 et
2207 1818 2335 1901 superate

1376 1923 1491 1980 morte
1509 1910 1652 1996 revixit,
1674 1935 1714 1980 ac
1730 1912 1956 1982 resuscitatus
1977 1933 2120 1999 rursus,
2144 1926 2186 1983 ut
2205 1911 2243 1980 in
2260 1905 2335 1981 tani-

1375 2013 1457 2082 liari
1481 2013 1757 2096 consuetudine,
1791 2013 1913 2083 multis
1936 2027 1971 2084 et
1992 2005 2143 2104 magnae
2167 2012 2335 2084 auditomm

1374 2115 1592 2209 frequentiae
1614 2113 1842 2184 concionatus
1862 2127 1924 2183 est.
1973 2109 2052 2185 Etsi
2067 2128 2185 2186 autem
2198 2105 2335 2184 haechu·

1374 2217 1491 2286 manis
1505 2216 1647 2286 iudiciis
1660 2227 1806 2308 propter
1824 2216 2110 2307 magnitudinem
2132 2239 2246 2287 rerum
2264 2233 2334 2282 eou-

1375 2319 1542 2389 menticia
1556 2318 1741 2404 videntur,
1763 2331 1883 2390 tamen
1901 2318 2005 2390 certis
2019 2319 2231 2389 testimoniis
2244 2327 2274 2386 et
2285 2309 2333 2380 mi·

1374 2421 1502 2492 raculis
1523 2420 1728 2490 confirmata
1748 2432 1782 2489 et
1800 2421 1984 2510 obsignata
2000 2435 2106 2508 sunt,
2131 2435 2173 2492 ut
2188 2434 2252 2492 tam
2266 2424 2333 2486 certa

1373 2523 1464 2610 sint,
1494 2547 1601 2617 quam
1632 2534 1728 2592 certo
1753 2522 1918 2592 meridies
1942 2535 2013 2608 est,
2039 2547 2124 2594 cum
2146 2523 2199 2594 sol
2221 2519 2261 2588 ad
2280 2536 2333 2584 ne·

1373 2625 1474 2695 dium
1498 2624 1588 2695 coeli
1609 2625 1782 2717 pervenit.
1840 2619 1899 2696 Ad
1922 2615 2009 2695 haec
2031 2623 2205 2696 beneficia
2224 2612 2334 2690 accesit

1372 2722 1460 2813 hoc,
1479 2729 1576 2820 quod
1591 2725 1688 2797 Deus
1704 2725 1823 2798 statim
1838 2727 1883 2796 ab
1898 2725 2004 2797 initio
2019 2723 2209 2800 historiam
2229 2714 2333 2814 generis

1372 2824 1524 2900 humani
1539 2853 1578 2899 ac
1592 2828 1810 2913 testimonia,
1835 2829 1965 2921 quibus
1988 2851 2024 2898 se
2049 2828 2229 2923 patefecit,
2250 2815 2334 2892 literis

1373 2931 1535 3001 mandari
1557 2944 1591 3001 et
1613 2930 1794 3000 duraturis
1818 2930 2063 3002 monumentis
2096 2924 2274 3024 propagari
2288 2942 2332 2988 vo·
2381 3013 2382 3016 Ἴ

1371 3033 1450 3104 tuit.
1499 3030 1572 3102 Nec
1595 3032 1673 3102 vult
1692 3032 1835 3122 agnosci
1857 3033 1927 3103 nisi
1952 3056 2017 3124 per
2037 3027 2131 3104 haec
2155 3019 2333 3136 testimonia

1370 3159 1435 3205 nec
1449 3134 1564 3203 ullum
1584 3147 1722 3204 coetum
1738 3135 1901 3224 ignarum
1917 3129 2048 3208 horum
2066 3136 2241 3207 librorum
2260 3128 2333 3197 deut

1369 3233 1562 3306 Ecclesiam
1586 3259 1683 3314 suam
1708 3259 1791 3306 esse.
1849 3234 1923 3306 Nec
1943 3235 2213 3310 invocationem
2236 3227 2333 3324 probat

1369 3363 1512 3421 eorum,
1546 3338 1707 3431 quinon
1737 3333 1834 3410 hunc
1859 3337 1975 3430 ipsum
1996 3336 2119 3409 Deum
2146 3329 2332 3426 competant

1369 3441 1432 3534 qui
1453 3464 1491 3510 se
1511 3440 1551 3508 in
1572 3436 1628 3510 his
1652 3441 1724 3510 suis
1739 3440 1951 3511 testimoniis
1966 3443 2146 3532 patefecit.
2197 3435 2334 3509 lnvuttsst

1367 3537 1641 3613 Mahometistae
1661 3541 1796 3628 Deum,
1817 3543 2003 3612 universae
2026 3533 2183 3614 naturae
2207 3529 2334 3610 condim-

1367 3669 1462 3730 rem;
1496 3647 1557 3714 sed
1584 3645 1660 3715 eius
1691 3645 1807 3714 hlium
1839 3668 1879 3714 ac
1908 3643 2114 3716 doctrinam
2148 3645 2333 3714 aversantur·

1368 3744 1509 3836 Negant
1524 3742 1622 3816 hunc
1639 3769 1711 3816 esse
1723 3739 1860 3830 Deum,
1886 3745 1951 3839 qui
1974 3741 2072 3818 hanc
2090 3745 2279 3818 doctrinam
2291 3754 2334 3822 ap
2378 3807 2379 3810 ,

1369 3850 1505 3939 probat.
1557 3847 1691 3918 Filium
1713 3872 1818 3932 vero,
1840 3848 1879 3916 in
1904 3873 1976 3942 quo
1999 3850 2158 3920 maxime
2175 3844 2265 3916 Deus
2284 3824 2334 3926 (st)

1366 3951 1548 4041 patefecit,
1574 3953 1668 4022 etde
1686 3975 1756 4043 quo
1774 3951 1880 4022 dixit:
1908 3943 1967 4020 hic
1991 3964 2045 4022 est
2067 3951 2166 4022 lilius
2183 3966 2274 4018 meus
2295 3935 2336 4005 d1·

1366 4052 1495 4133 lectus,
1529 4045 1626 4121 hunc
1649 4053 1785 4138 audite,
1812 4046 1980 4122 horribili
2001 4052 2130 4123 furore
2152 4046 2334 4140 conspuunt·

1367 4153 1466 4242 Quid
1488 4147 1627 4224 Plato?
1675 4151 1753 4226 Etsi
1775 4167 1930 4224 mentem
1957 4177 1977 4222 a
1999 4155 2104 4245 vulgi
2132 4143 2335 4246 opinionibus

1365 4255 1527 4339 abducit,
1559 4280 1625 4327 nec
1651 4256 1776 4327 statuis
1797 4255 2022 4326 divinitatem
2045 4257 2195 4338 tribuit,
2225 4247 2278 4322 sed
2295 4263 2335 4312 st·

1365 4358 1585 4451 pientissima
1599 4358 1868 4428 ratiocinatione
1881 4355 1998 4429 Deum
2024 4361 2190 4454 quaerit,
2213 4379 2251 4424 ac
2270 4341 2335 4418 defi·
2376 4393 2377 4426 i

1364 4461 1420 4534 nit
1433 4485 1507 4532 esse
1522 4473 1677 4531 mentem
1691 4473 1889 4546 aeternam,
1913 4484 2057 4532 causam
2085 4461 2175 4532 boni
2197 4458 2234 4526 in
2254 4461 2335 4562 natu·
2376 4441 2377 4511 l

1364 4588 1420 4649 ra,
1450 4578 1569 4635 tamen
1594 4561 1707 4632 aDeo
1731 4563 1882 4635 aberrat.
1934 4560 2032 4649 Quid
2053 4563 2127 4648 ita,
2153 4556 2266 4654 iuquit
2286 4548 2335 4618 alt·

1364 4666 1465 4758 quis?
1516 4665 1635 4756 Quam
1660 4664 1814 4756 requiris
1842 4663 2124 4754 descriptionem
2147 4659 2255 4752 magis
2272 4670 2336 4746 prt-

1362 4767 1502 4858 priam?
1553 4763 1739 4838 Assentior
1766 4768 1811 4837 de
1841 4779 1968 4836 natura
1999 4764 2146 4835 erudite
2176 4761 2335 4852 cogitatam
2375 4759 2376 4793 ¹

1362 4891 1456 4948 esse,
1490 4871 1550 4940 sed
1575 4871 1619 4939 de
1641 4869 1825 4942 voluntate
1846 4881 1880 4938 et
1901 4867 2047 4938 dubitat
2067 4865 2176 4940 Plato
2198 4866 2286 4956 ipse,
2311 4859 2336 4970 5²

317 4967 456 5056 lapsum
480 4963 592 5052 caligo
615 4976 734 5034 secuta
757 4962 819 5045 sit,
844 4959 1078 5032 rursusDeus
1103 4986 1144 5031 ex
1166 4960 1228 5030 illa
1244 4985 1308 5032 sua
1361 4971 1559 5063 reliquitin
1574 4971 1797 5043 dubitatione
1813 4970 1903 5040 alios
1916 4964 2217 5064 χειμαζομένους
2236 4963 2272 5035 ἐγ
2289 4955 2336 5024 te
2374 5003 2375 5073 t

318 5091 444 5137 arcana
471 5065 552 5136 sede
572 5065 724 5156 prodiit,
749 5087 790 5134 ac
811 5087 849 5133 se
869 5065 1062 5136 claravoce
1077 5075 1111 5136 et
1127 5065 1230 5134 novis
1252 5078 1307 5136 te·
1359 5097 1417 5172 yps
1423 5123 1436 5158 ,
1463 5087 1505 5144 ut
1518 5073 1627 5164 ipsius
1648 5086 1730 5146 um
1746 5072 1875 5146 verbis,
1923 5069 1998 5142 Nee
2014 5069 2124 5144 Plato
2149 5094 2213 5139 nec
2228 5051 2337 5136 Maho-

317 5169 493 5240 Sfiffl0ssil⁸
522 5169 640 5238 statim
667 5167 846 5260 patefecit,
885 5191 930 5244 ne
963 5190 1075 5258 genus
1107 5161 1304 5238 humanum
1359 5189 1469 5246 metes
1482 5175 1593 5259 novit,
1608 5200 1654 5245 an
1672 5175 1820 5266 recipiat
1835 5199 1875 5246 ac
1891 5171 2166 5246 exaudiatDeus
2181 5167 2338 5257 indignos
2373 5217 2374 5224 κ

314 5275 445 5344 frustra
475 5285 508 5341 et
529 5283 668 5340 tantum
699 5271 745 5340 ad
774 5268 960 5342 interitum
990 5270 1173 5342 conditum
1203 5283 1304 5344 esset.
1358 5292 1393 5350 et
1414 5302 1478 5348 cur
1503 5276 1661 5369 recipiat.
1718 5275 1789 5349 Sed
1812 5276 1957 5349 Platoni
1991 5276 2240 5370 quaerendum
2268 5269 2336 5338 erat,
2373 5265 2374 5359 l

314 5374 489 5465 Magnum
518 5373 727 5443 beneficium
744 5369 813 5442 Dei
839 5385 893 5442 est
922 5396 1040 5442 rerum
1063 5373 1212 5458 creatio,
1242 5374 1303 5442 scd
1357 5404 1432 5450 non
1455 5381 1570 5450 solum
1595 5381 1776 5474 quomodo
1793 5377 1889 5452 Deus
1910 5381 1950 5450 in
1971 5377 2155 5450 creatione
2170 5393 2284 5446 rerum
2309 5379 2336 5428 ⁵²

314 5479 426 5550 multo
449 5477 564 5548 maius
584 5489 654 5558 est,
686 5476 784 5570 quod
806 5497 843 5546 se
866 5476 989 5566 generi
1014 5469 1174 5548 humano
1199 5475 1304 5548 certis
1355 5483 1575 5576 patefecerit,
1599 5505 1690 5577 quae
1703 5483 1849 5574 vestigia
1867 5493 2014 5553 naturae
2029 5475 2269 5576 impresserit,
2287 5457 2335 5533 sed
2372 5535 2373 5538 ,
