4776 6260
322 279 396 358 615
898 275 1344 364 EPISTULARUM
1396 279 1507 366 HR
1534 283 1601 360 ttt.
1653 283 1783 369 tst'a.
2245 305 2291 376 ttt

326 457 508 530 tetdonem
531 457 607 529 sine
629 481 712 531 vera
734 457 916 548 agnitione
941 473 1166 554 peccatorum
1185 471 1220 532 et
1243 459 1337 542 irae·
1464 457 1557 546 Cum
1587 471 1704 534 sutem
1735 483 1858 536 omnes
1887 467 2076 557 prudentes
2106 468 2204 540 sciant
2229 464 2294 543 too

328 558 414 644 Dei,
440 579 474 632 et
490 563 565 629 sine
582 562 674 630 veris
690 562 904 632 terroribus.
955 558 1004 632 Et
1025 557 1118 632 hanc
1139 561 1319 633 linxerunt
1367 559 1871 653 ipsumarticuluminnostris
1880 565 2044 640 Ecclesiis
2058 571 2294 662 fideliteretpore

330 664 457 732 roereri
480 663 722 737 remissionem
744 675 990 758 peccatorum,
1012 663 1044 736 si
1066 663 1112 735 sit
1131 664 1319 749 sufficiens,
1366 664 1520 755 proponi
1535 678 1571 736 et
1585 667 1763 757 explicari,
1788 672 2021 741 etnecessitas
2034 669 2297 744 universaeliccle·

330 759 428 844 †sed
445 763 623 834 neminem
637 764 746 847 scire,
773 767 918 858 quande
931 766 977 840 sit
988 763 1193 850 sulbisiensi
1366 765 1438 836 siae
1456 766 1629 858 postulet,
1654 781 1695 838 ut
1712 769 1846 858 puritas
1863 765 1969 842 huius
1984 773 2119 844 articuli
2133 759 2243 864 optima
2255 775 2298 842 hle

428 861 654 936 Perniciosus
671 878 705 936 et
724 861 783 934 hic
808 889 907 939 error
919 867 1002 952 tots,
1027 869 1123 960 quod
1138 863 1319 958 †graeia'i
1367 882 1606 956 conservetur,
1632 893 1697 940 nec
1711 893 1897 962 possumus
1912 897 1977 946 nec
1992 875 2149 946 volumus
2162 875 2297 946 admittere

329 967 496 1036 interiora
512 981 652 1058 peccata
666 981 893 1040 removerunt
915 992 958 1042 ex
969 983 1178 1061 conspectu,
1201 981 1239 1040 et
1253 991 1322 1040 rte-s
1366 969 1585 1061 corruptelas
1602 965 1643 1065 ¹⁹)
1663 967 1770 1042 huius
1786 973 1938 1048 articuli.

329 1084 457 1159 garunt
471 1091 543 1138 esse
566 1081 725 1159 peccata,
750 1083 791 1138 ut
807 1069 1064 1156 dubitationes,
1085 1071 1320 1154 securitatem,
1468 1067 1682 1168 Quanquam
1699 1087 1817 1144 autem
1831 1075 1980 1146 artifices
1993 1078 2144 1172 quidam,
2166 1077 2298 1172 quinatis

328 1169 574 1253 diffidentiam,
597 1182 631 1239 et
646 1169 732 1238 alias
749 1193 875 1260 pravas
887 1171 1149 1245 inclinationes.
1198 1167 1319 1243 Econ-
1366 1169 1457 1244 sucis
1471 1173 1624 1264 pingunt
1638 1187 1674 1244 ct
1686 1188 1851 1246 excusant
1865 1190 2000 1249 veteres
2013 1182 2149 1264 abusus,
2171 1191 2299 1273 quaerut

329 1288 384 1342 tra
407 1295 492 1342 vero
509 1269 694 1364 pueriliter
707 1269 884 1346 finxerunt
901 1287 1043 1365 peccata
1058 1296 1101 1346 ex
1114 1272 1320 1346 traditioni·
1366 1285 1509 1346 besuae
1555 1276 1797 1368 explicationis
1819 1272 1863 1373 ²⁰)
1910 1280 2161 1352 cavillationes:
2204 1279 2299 1350 Tanos

328 1377 396 1444 hus
412 1369 589 1447 humanis.
1367 1395 1490 1444 omnes
1510 1379 1702 1468 prudentes
1717 1394 1851 1450 nocant
1865 1381 2026 1453 emnium
2045 1383 2189 1476 partium
2209 1379 2299 1450 doctri

429 1475 569 1547 Deinde
584 1477 628 1544 de
644 1475 932 1559 enumeratione,
951 1477 996 1546 de
1011 1474 1320 1562 satisfactionibus,
1366 1499 1451 1546 narn
1468 1469 1509 1572 ¹¹)
1531 1477 1571 1546 in
1592 1472 1661 1550 hoc
1684 1479 1834 1551 articulo
1858 1486 1955 1574 apud
1980 1507 2047 1555 nos
2071 1507 2200 1570 vcmm,
2221 1481 2300 1552 incer·

330 1591 364 1646 et
383 1576 613 1666 indulgentiis
637 1600 773 1646 errores
797 1600 920 1649 eorum
940 1601 1030 1670 pene
1052 1577 1216 1652 manibus
1238 1579 1320 1672 pal·
1367 1591 1528 1671 ruptam,
1553 1580 1669 1672 piam,
1694 1594 1729 1652 et
1746 1581 1936 1654 salutarem
1951 1609 2035 1660 esse.

330 1680 407 1772 pari
424 1693 583 1770 possunt.
1066 1733 1068 1742 .
1143 1745 1146 1756 ,
1467 1675 1733 1752 Confessionem
1748 1707 1832 1753 vero
1846 1699 1881 1756 et
1895 1684 1962 1777 ipsi
1978 1688 2016 1756 in
2037 1711 2104 1758 usu
2118 1687 2175 1779 pio
2193 1685 2299 1756 retinen

425 1778 610 1850 Postremo
631 1779 813 1848 silentium
835 1801 982 1871 prorsus
998 1793 1049 1850 est
1066 1783 1159 1872 apud
1175 1803 1253 1865 eos,
1275 1781 1320 1850 de
1366 1783 1565 1863 studemus,
1590 1795 1631 1852 ut
1647 1783 1686 1851 in
1702 1807 1741 1852 ea
1763 1786 2159 1876 populuserndiaturet
2179 1789 2249 1858 fides
2264 1811 2301 1854 ru·
2335 1799 2336 1810 ¹

330 1883 397 1951 fide
419 1904 481 1950 seu
502 1881 630 1954 fiducia
650 1882 691 1950 in
714 1877 897 1952 Christum
920 1881 1114 1972 accipiente
1141 1882 1321 1952 remissio-
1367 1881 1468 1952 diurn
1486 1879 1532 1978 ²²)
1547 1882 1762 1978 exploretur,
1787 1899 1971 1960 etmentes
1987 1891 2301 1982 perterrefactaecon-
2335 1845 2336 1920 l

327 2007 410 2056 nem
433 1994 676 2073 peccatorum,
699 1981 773 2050 imo
788 1980 913 2052 iubent
927 1983 1104 2054 dubitare.
1366 1983 1578 2055 solationem
1591 1984 1751 2068 audiant,
1772 2009 1813 2058 ac
1829 2005 1968 2062 maneat
1981 1992 2179 2064 intellectus
2186 1987 2301 2078 Evange·

429 2081 581 2175 Propter
596 2078 662 2152 hos
677 2104 813 2153 errores
825 2082 940 2176 reipsa
955 2085 1118 2156 doctrina
1137 2107 1260 2158 eorum
1275 2084 1319 2154 de
1367 2083 1427 2170 lii,
1451 2097 1485 2154 et
1505 2085 1746 2158 testimonium
1765 2089 1969 2181 publicum,
2000 2096 2100 2187 quod
2121 2091 2301 2182 Euangeliou

328 2185 546 2279 poenitentia
555 2179 710 2254 Ethnica
724 2183 930 2278 †quacdam
945 2185 1137 2278 sapientia''
1152 2200 1213 2271 est,
1229 2209 1320 2279 quae
1367 2209 1449 2256 vere
1481 2187 1676 2260 annunciet
1707 2191 1950 2262 remissionem
1984 2211 2200 2286 peccatorum
2222 2189 2302 2262 multis

330 2286 560 2358 conscientias
574 2285 744 2379 relinquit
758 2285 794 2354 in
813 2288 1037 2358 dubitatione
1052 2289 1097 2358 de
1114 2287 1320 2358 remissione
1368 2287 1528 2378 publice,
1552 2303 1586 2358 et
1601 2290 1767 2380 privatim
1785 2293 1935 2384 singulis
1948 2299 2149 2387 petentibus
2159 2311 2190 2368 et
2202 2297 2300 2366 crudete

329 2401 572 2481 peccatorum,
598 2401 659 2457 aut
683 2389 787 2458 docet
805 2391 1027 2482 acquiescere
1048 2390 1089 2458 in
1110 2388 1321 2460 satisfactio-
1369 2389 1475 2464 tibus.
1525 2387 1574 2461 Et
1604 2391 1636 2460 si
1667 2391 1832 2464 salutaris
1864 2397 2071 2470 reformatio
2104 2401 2299 2472 institueretur,

329 2491 455 2575 nibus,
479 2489 571 2560 sicut
585 2485 788 2570 Alcocanus
799 2490 946 2563 tradidit
962 2513 1135 2575 canones,
1159 2489 1222 2583 qui
1239 2513 1321 2580 gra·
1368 2490 1556 2582 praecipue
1570 2513 1659 2585 opus
1675 2509 1763 2564 esset
1780 2489 1875 2564 huuc
1889 2510 2002 2568 toturn
2012 2501 2196 2574 articulum
2207 2501 2298 2587 depet-

331 2594 397 2663 ders
430 2592 658 2676 delicturum,
699 2590 830 2684 quibus
863 2592 1032 2685 operibus
1065 2591 1321 2684 compensandi
1369 2593 1537 2679 nitentia,
1561 2607 1596 2665 et
1611 2595 1809 2664 doctrinam
1827 2599 1871 2668 de
1890 2600 2130 2690 consessione,
2151 2605 2191 2672 de
2212 2599 2295 2692 priota

330 2697 403 2765 sint
417 2689 469 2790 ¹⁸).
697 2705 704 2710 '
1369 2693 1608 2781 absolutione,
1633 2698 1728 2766 etde
1748 2696 1817 2766 fide
1832 2699 1881 2768 ita
1902 2703 2080 2795 proponi,
2103 2718 2176 2776 tum
2195 2696 2294 2772 intro

431 2795 579 2867 Constat
593 2809 709 2866 autem
725 2796 924 2868 doctrinam
939 2799 983 2868 de
995 2819 1079 2866 vera
1094 2795 1322 2887 poenitentia,
1369 2789 1527 2882 chismis,
1552 2809 1629 2868 turn
1649 2796 1736 2866 alias
1759 2798 1799 2866 in
1821 2802 2054 2876 concionibus
2078 2804 2191 2879 doceri
2210 2816 2235 2872 et
2247 2817 2297 2867 stt·

333 2902 378 2968 de
407 2899 587 2988 agnitione
612 2911 857 2988 peccatorum,
886 2913 921 2968 et
947 2899 1020 2968 irae
1046 2895 1133 2983 Dei,
1170 2901 1213 2968 de
1238 2921 1320 2967 vera
1368 2897 1520 2984 servari,
1541 2898 1631 2968 sicut
1647 2921 1668 2970 a
1684 2899 1788 2970 nobis
1803 2923 1923 2996 saepe,
1948 2928 2052 2995 vere,
2077 2923 2111 2981 et
2135 2905 2251 3002 copiose
2264 2921 2297 2965 rt·

333 2999 564 3084 contritione,
595 3011 630 3069 et
653 2999 747 3068 veris
769 2999 984 3085 terroribus,
1015 2999 1079 3094 qui
1101 3000 1256 3070 existunt
1282 2999 1320 3066 in
1369 2998 1518 3090 plicatus
1538 3012 1601 3072 est.

332 3115 451 3176 socrate
483 3114 691 3190 agnoscente
720 3114 879 3191 peccata,
911 3103 955 3171 de
981 3102 1050 3172 ttde
1079 3101 1117 3170 in
1139 3097 1319 3172 Christum
1468 3096 1522 3170 De
1544 3101 1906 3174 excommunicatione
1931 3131 2015 3178 vero
2045 3112 2144 3182 etde
2168 3123 2298 3200 poenale

322 3203 524 3294 'accipiente
542 3201 798 3287 remissionem,
825 3217 860 3274 et
877 3205 922 3272 cle
938 3225 1031 3281 rsova
1047 3201 1262 3284 obedientia,
1287 3215 1321 3272 et
1369 3215 1498 3293 quente
1515 3205 1916 3278 excommunicationem
1933 3208 2026 3280 inira
2051 3213 2091 3282 in
2107 3211 2208 3302 capite
2223 3207 2254 3274 de
2268 3203 2299 3267 itt·

331 3329 413 3373 vera
438 3302 684 3372 emendatione
717 3303 810 3373 vitae
840 3317 875 3374 et
900 3328 1061 3385 morum,
1093 3304 1320 3396 praecipuum
1369 3301 1472 3372 diciis
1495 3300 1751 3375 Ecclesiasticis
1775 3308 1923 3383 dicetur.
1981 3309 2089 3385 Nunc
2111 3313 2200 3385 enim
2218 3309 2251 3377 de
2266 3302 2297 3396 pit

277 3414 282 3420 '
333 3429 405 3475 esse
435 3417 538 3496 caput
565 3404 747 3474 doctrinae
774 3398 1018 3486 Christianae,
1051 3407 1148 3499 quod
1170 3405 1321 3478 maxime
1368 3424 1436 3474 usu
1449 3403 1758 3478 sacramentorum
1773 3404 1890 3481 adhuc
1906 3411 2071 3492 dicimus.

334 3532 423 3599 opus
441 3520 493 3578 est
509 3506 644 3575 sincere
660 3518 695 3575 et
709 3505 910 3598 incorrupte
926 3507 1030 3580 tradi.
1268 3521 1272 3525 ’

365 3627 367 3630 ·
434 3605 488 3678 Ae
502 3607 708 3698 intelligunt
721 3631 844 3676 ornnes
865 3609 917 3700 pii
932 3632 968 3680 se
984 3633 1068 3680 vero
1087 3619 1228 3700 pectore
1243 3601 1319 3675 Deo

334 3712 461 3801 gratias
476 3733 577 3800 agere
595 3709 732 3792 debere,
754 3732 819 3801 pro
834 3709 1007 3780 immenso
1023 3709 1204 3793 beneficio,
1223 3707 1317 3800 quod
1469 3700 1661 3796 Postquam
1684 3700 1781 3776 Deus
1805 3705 1910 3777 itritio
1930 3729 1994 3800 per
2007 3703 2145 3792 Adam,
2169 3721 2200 3779 et
2218 3695 2297 3776 tetote

262 3819 265 3826 ⁴
333 3835 454 3884 rtrrsus
481 3811 641 3881 accendit
668 3811 781 3878 lucem
810 3805 918 3882 huios
942 3812 1142 3896 doctrinae,
1173 3807 1320 3901 depulsa
1368 3829 1431 3895 pec
1447 3799 1539 3874 Abel
1560 3803 1963 3884 instituitceremonias:
1988 3813 2109 3883 statim
2123 3800 2296 3883 Caineteitt

332 3915 481 4004 caligine
514 3924 549 3982 et
569 3912 705 3981 reiectis
734 3914 933 4000 erroribus,
966 3927 1006 3985 ut
1028 3913 1142 3985 sciant
1169 3911 1239 3982 iam
1271 3909 1331 4000 pii·
1368 3906 1563 3978 imitatores
1590 3900 1796 3999 hypocritae
1822 3909 2060 4002 depravamrnt
2081 3937 2153 4000 eas,
2184 3925 2214 3980 et
2231 3901 2294 3978 vare

332 4040 414 4085 vera
429 4025 653 4107 peccaturum
669 4013 892 4098 discrimina,
915 4027 949 4086 et
972 4015 1036 4086 ubi
1057 4038 1141 4086 vera
1158 4011 1320 4084 consola·
1367 4007 1829 4099 corruptelas-affinxerunt.
1879 4007 1933 4082 lta
1953 4011 1993 4081 iu
2013 4016 2146 4108 populo
2165 4007 2287 4084 {scaete

333 4119 384 4189 tio
413 4116 564 4208 petenda
589 4115 655 4197 sit,
683 4140 722 4185 ac
751 4129 886 4186 norunt
918 4110 984 4186 hos
1016 4139 1089 4188 esse
1114 4115 1321 4208 praecipuos
1368 4098 1669 4190 remoniasaDeo
1683 4111 1865 4182 ordinatas
1879 4115 2137 4189 transtulerunt
2151 4107 2293 4212 hypocrite

335 4220 450 4290 coitus
472 4215 539 4286 Dei
548 4215 570 4300 ‚'
593 4239 816 4306 expavescere
845 4231 1042 4310 conspectu¹
1058 4230 1199 4289 nostrae
1220 4215 1321 4284 infir·
1368 4212 1413 4281 ad
1432 4211 1579 4296 abusus,
1612 4223 1646 4280 et
1669 4235 1782 4282 novae
1804 4216 2017 4304 excogitatae
2036 4231 2141 4300 sunt,
2173 4230 2209 4286 ut
2227 4207 2296 4282 cultt
2335 4235 2336 4258 t

331 4320 465 4390 mitatis
483 4333 517 4387 et
534 4319 607 4388 irae
619 4315 709 4398 Dei,
733 4331 768 4386 et
783 4331 901 4390 tamen
916 4320 1105 4410 confugere
1121 4319 1167 4388 ad
1187 4315 1321 4386 media·
1368 4311 1473 4400 Baal,
1499 4324 1534 4384 et
1554 4311 1783 4384 excelsorum.
1832 4311 1906 4386 Nec
1930 4317 2021 4387 ratio
2042 4313 2194 4389 humana
2215 4308 2297 4384 tuttat

333 4439 445 4494 torem
462 4415 662 4504 Christum,
688 4433 723 4489 et
740 4433 891 4492 statuere
912 4433 1060 4514 propter
1075 4421 1191 4514 ipsum
1208 4419 1322 4488 dona-
1368 4437 1443 4486 esse
1463 4427 1623 4507 peccata,
1655 4415 1870 4486 ceremonias
1898 4415 2017 4489 aDeo
2040 4419 2210 4492 institutas
2227 4425 2298 4483 trttr
2335 4471 2336 4480 2

334 4539 403 4594 tam
428 4545 501 4607 esse
519 4521 760 4591 remissionem
781 4537 1022 4613 peccatorum,
1048 4535 1082 4593 et
1105 4517 1172 4593 hac
1192 4521 1261 4590 lide
1282 4520 1320 4588 in
1367 4518 1460 4588 ferre
1481 4517 1525 4586 ad
1548 4514 1636 4585 alios
1653 4539 1738 4587 usus
1758 4533 1896 4608 praeter
1916 4519 2191 4603 institutionem,
2211 4526 2299 4620 aelst·

225 4664 235 4674 .,
332 4621 475 4698 Christo
501 4623 737 4717 acquiescere,
767 4624 857 4694 sicut
881 4624 1049 4715 scriptum
1073 4637 1141 4695 est:
1174 4615 1321 4714 Iustrfi-
1368 4618 1522 4708 cogitare
1539 4640 1652 4687 novos
1669 4617 1797 4694 cultus.
1833 4615 1910 4689 lmo
1926 4622 2030 4692 sentit
2047 4611 2299 4696 hosritusexinu

336 4720 492 4818 cotifide
505 4747 631 4821 pacem
646 4718 833 4794 habemus.
1368 4742 1474 4812 opera
1498 4741 1593 4802 esse,
1624 4729 1722 4808 grata
1746 4715 1842 4804 Dee,
1873 4719 1964 4791 icam
1987 4722 2063 4792 eius
2091 4713 2299 4818 placantiattl

435 4826 536 4898 llanc
550 4828 663 4898 lucem
682 4827 885 4912 doetrinae,
911 4824 942 4894 si
956 4822 1036 4919 quis
1058 4848 1131 4896 non
1146 4823 1321 4915 magnifa-
1368 4843 1449 4891 cum
1472 4816 1653 4890 lsrais'litae
1682 4819 1722 4890 in
1753 4821 1919 4894 omnibus
1947 4825 2129 4898 montibus
2152 4817 2298 4893 extruerent

334 4934 393 5016 cit,
415 4929 539 5021 procul
555 4929 653 5000 abest
668 4946 687 4998 a
704 4921 836 5000 Christi
852 4925 1044 5018 agnitione,
1070 4941 1106 5000 et
1119 4920 1227 4998 habet
1240 4925 1323 4995 ani·
1368 4921 1514 5008 sacella,
1539 4919 1788 4993 existimabant
1803 4943 1839 4994 se
1853 4945 1979 5016 augere
1996 4925 2091 5000 bona
2106 4946 2211 5020 opera,
2230 4927 2255 4986 tl
2265 4929 2298 4980 ⁵¹·

333 5057 431 5104 mum
446 5044 654 5124 occupatum
667 5029 824 5122 profanis
839 5042 901 5100 aut
917 5021 1173 5122 philosophicis
1193 5027 1321 5118 huogi·

304 5161 310 5168 “
334 5134 551 5206 nationibus.

1659 3559 1721 3638 De
1748 3561 1874 3642 Coena
1897 3562 2071 3647 Domini.

1403 5200 1450 5271 19)
1468 5199 1532 5256 Pes.
1548 5218 1600 5254 nee
1611 5208 1728 5268 pamm!
1739 5217 1790 5256 nce
1801 5203 1903 5258 dotent
1915 5207 2032 5260 odmr'tte'
2040 5199 2212 5274 corruptore.
2335 5181 2336 5192 ἵ

1401 5285 1447 5352 2⁰)
1464 5283 1530 5340 Pea-
1541 5293 1641 5340 contro
1653 5291 1784 5339 nontam
1797 5288 2027 5354 explsactionsen.

368 5403 413 5472 ta)
428 5401 499 5453 atace
524 5391 767 5462 sacrameto]
793 5367 966 5452 bonham
994 5338 1097 5450 lineola
1120 5386 1227 5452 notavit
1244 5387 1321 5462 qussi
1402 5372 1449 5441 21)
1467 5369 1717 5470 Penpoenttentta
1731 5373 1903 5470 dentiam.

402 5463 649 5542 praetermittenda.
1053 5513 1056 5524 ,
1401 5453 1450 5523 22)
1466 5455 1593 5523 rudunt]
1606 5453 1670 5508 Pes.
1682 5455 1843 5510 dmunum.
