4776 6260
336 311 415 392 119

353 486 422 561 Ne.
438 482 552 560 0101.

346 585 558 620 m

1197 479 1254 560 (h
1281 479 1335 560 ι)

1204 572 1333 600 m

683 631 690 634 -
735 680 775 771 Ι.
803 681 949 770 leuda

388 827 431 914 ἰ
453 841 489 900 u
509 839 617 898 uttan
636 837 810 902 suasano.
833 835 898 896 vn.
910 835 933 895 a
946 855 974 912 ρ,
986 834 1067 905 aaa,
1087 833 1134 909 ,a
1155 853 1214 894 ..m
1227 833 1335 891 asea-

443 913 496 982 pait
510 929 526 966 e
538 911 604 967 eorl.
615 906 737 964 Gudian.
749 908 917 980 Guelpierb.
1002 919 1003 924 ’

659 1056 804 1159 =Iusto
829 1059 989 1141 Ionae.

341 1181 464 1278 Filius
484 1196 606 1272 Ionos
627 1199 695 1270 iter
717 1193 796 1270 beri
816 1199 994 1288 ingressus
1013 1209 1106 1282 erat,
1130 1217 1211 1266 cum
1226 1192 1333 1264 adve-

341 1308 398 1379 nit
417 1319 531 1375 vester
551 1299 773 1386 tabellarius,
806 1325 911 1398 quem
929 1322 1102 1396 aquarum
1124 1293 1333 1368 exundatis-

341 1431 404 1482 nes
419 1417 614 1478 remoratae
633 1403 786 1476 fuerant.
836 1402 972 1474 Literas
989 1403 1034 1470 ad
1052 1399 1164 1472 filium
1186 1395 1332 1492 scriptas

341 1509 443 1580 nolui
465 1503 597 1604 legere,
624 1528 751 1598 easque
769 1503 870 1574 vobis
891 1502 993 1574 reddi
1015 1502 1215 1590 obsignatas
1237 1498 1331 1594 iussi,

341 1611 450 1702 Quod
477 1633 560 1678 vero
589 1600 789 1698 exemplum
817 1604 932 1676 nostri
961 1603 1083 1696 scripti
1111 1601 1265 1690 flagitas,
1300 1601 1332 1670 si

340 1711 438 1810 quod
460 1707 628 1780 haberem
649 1709 801 1779 libenter
822 1709 1025 1780 mitterem,
1063 1702 1210 1774 Mallem
1236 1701 1332 1770 enim

340 1831 374 1890 te
388 1815 561 1904 integram
577 1811 772 1882 orationem
787 1807 921 1898 legere,
942 1805 1082 1878 facilius
1105 1805 1171 1874 tibi
1194 1803 1331 1875 satissa-

340 1931 496 2000 cturam,
517 1937 623 2006 quam
642 1913 767 1984 audire
790 1924 927 1980 tantum
950 1909 1144 2000 fragmenta
1159 1917 1330 1997 excerpta.

339 2019 411 2092 Sed
432 2039 567 2088 summa
589 2011 730 2085 consilii
751 2011 838 2097 tuit,
857 2024 899 2082 ut
924 2035 1020 2080 nunc
1041 2011 1186 2103 quidem
1210 2021 1330 2078 noster

342 2119 545 2192 hortaretur
561 2115 681 2202 illum,
708 2113 770 2210 qui
791 2111 984 2205 imperium
999 2127 1134 2182 vestrae
1155 2109 1254 2180 urbis
1279 2124 1330 2178 te-

341 2236 421 2307 net,
441 2233 481 2292 ut
506 2215 730 2290 ecclesiarum
754 2213 1003 2308 tranquillitati
1023 2238 1064 2284 eo
1080 2214 1186 2282 modo
1202 2234 1331 2282 consu-

341 2325 446 2407 leret,
478 2337 517 2392 ιιι
545 2320 645 2414 petis.
703 2316 795 2388 Nam
822 2339 944 2405 cogere
975 2337 1056 2386 eum
1083 2339 1157 2386 non
1186 2323 1330 2404 poterat.

332 2423 538 2498 Sinautem
554 2419 823 2490 nonobtineret
837 2417 947 2502 iusta,
973 2431 1090 2509 postea
1113 2439 1196 2500 nos,
1222 2415 1252 2486 si
1272 2415 1331 2484 in-

339 2542 616 2617 terrogaremur,
642 2521 899 2590 deliberaturos
914 2542 1003 2599 esse,
1030 2517 1137 2612 quid,
1164 2515 1331 2612 aquibus

339 2629 415 2702 lieri
444 2631 592 2697 deceret.
647 2621 724 2714 Ego
748 2645 825 2691 non
851 2621 974 2690 reiicio
1000 2623 1044 2688 ad
1076 2619 1210 2702 aulana,
1241 2641 1330 2712 quae

339 2731 510 2824 gravatim
527 2725 674 2818 suscipit
687 2739 722 2796 et
737 2724 855 2808 videt,
881 2745 917 2792 se
941 2721 1101 2791 obtinere
1124 2741 1197 2790 non
1219 2741 1330 2812 posse.

338 2832 392 2904 Ae
415 2855 533 2902 meum
548 2829 714 2926 ‘animum
735 2826 805 2894 iam
827 2823 913 2894 olim
937 2825 981 2892 ad
1007 2822 1211 2892 servitutem
1240 2822 1331 2892 tele-

339 2936 487 3004 randam
503 2930 705 3022 composui,
729 2941 763 2998 et
787 2949 889 3018 saepe
913 2925 1028 3014 cogito
1054 2925 1148 2995 inter
1168 2924 1330 2994 miranda

339 3059 445 3130 opera
462 3035 653 3102 immensae
667 3023 1006 3100 misericordiaeDei
1020 3021 1090 3096 hoc
1103 3027 1330 3118 praecipuum

339 3161 432 3230 esse,
451 3135 547 3230 quod
561 3131 739 3203 ecclesiam
753 3129 887 3220 colligit
901 3127 940 3198 in
953 3142 1049 3228 tanta
1067 3129 1240 3198 malorum
1257 3125 1331 3196 eol-

341 3239 456 3326 luvie,
477 3236 628 3328 ideoque
641 3221 719 3304 eam
735 3231 829 3302 inter
841 3231 954 3300 malos
968 3223 1024 3300 hic
1042 3229 1201 3302 collocat.
1252 3223 1330 3298 Oro

339 3352 479 3424 autem,
507 3350 549 3408 ut
574 3339 641 3406 nos
669 3334 859 3426 gubernet,
891 3346 925 3403 et
951 3331 1112 3410 salutaris
1135 3331 1182 3404 sit
1212 3341 1332 3402 noster

342 3465 476 3523 cursus.
525 3435 623 3508 Bene
638 3435 727 3506 vale.

341 3699 481 3718 ,nm—fl—

1165 3864 1219 3942 (h.
1236 3861 1315 3944 at)

1152 3951 1325 3984 Μ

291 3864 295 3874 “
339 3869 408 3944 No.
423 3867 540 3942 atos.

350 3959 520 3995 W

581 4026 586 4039 '
677 4053 736 4145 a.
764 4053 999 4146 scanzae.

410 4181 413 4186 ¹
437 4223 525 4297 apae
537 4219 628 4278 mu.
642 4237 670 4292 ρ.
682 4217 744 4276 err.
762 4204 839 4289 aare
853 4215 944 4276 usa.
956 4217 1006 4273 m.
1018 4213 1052 4270 u.
1067 4229 1110 4287 ep.
1123 4213 1208 4284 eoos.

480 4361 536 4466 D.
563 4374 907 4452 Bartolomaeo
931 4340 1185 4460 Schellero

336 4495 383 4586 S·
409 4513 454 4586 D.
509 4513 693 4606 ingenium
716 4513 769 4598 tui
785 4503 970 4603 nepotis*)
985 4511 1076 4580 bene
1091 4504 1182 4578 mibi
1198 4509 1331 4602 proba-

338 4631 407 4688 tura
447 4614 567 4710 ltaque
582 4618 656 4687 eius
673 4615 789 4686 studia
809 4615 963 4683 libenter
976 4611 1164 4682 adiuvabo.
1216 4609 1328 4702 Spero

337 4719 386 4787 ita
410 4732 655 4809 promoturum
681 4739 772 4800 esse,
797 4729 838 4784 ut
859 4713 961 4783 brevi
983 4712 1053 4782 sibi
1068 4735 1131 4784 sua
1152 4712 1329 4783 industria

336 4833 436 4910 paret
449 4821 594 4892 victum.
645 4811 694 4890 Et
710 4811 800 4886 mibi
817 4837 922 4886 curae
939 4814 1028 4900 erit,
1052 4829 1093 4886 ut
1117 4829 1217 4908 pater
1231 4837 1329 4884 sum-

910 257 1352 382 urrsroaaauu
1401 299 1614 386 rents.
1663 299 1800 384 aeta

1386 470 1617 564 'liumsfficim
1644 471 1989 568 miBartolomee,
2012 479 2312 578 omniamibigut'a

1385 577 1474 648 sima
1495 589 1633 671 semper
1653 580 1811 654 fuerunt.
1863 580 1934 652 Sed
1958 578 2024 654 boc
2040 587 2310 678 multogratiuset

1386 681 1483 788 quod
1516 694 1651 751 tantam
1683 682 1723 752 in
1741 681 1914 762 ,ambitis
1944 689 2167 762 credentiam
2196 711 2311 780 praestas,

1385 783 1484 871 quod
1501 794 1543 852 ut
1565 781 1672 852 iacias
1688 795 1878 874 perpetuo,
1901 800 1935 857 te
1951 787 2054 860 etiam
2068 803 2164 882 atque
2177 792 2262 866 etiam
2273 799 2309 864 ad·

1384 873 1520 972 hortor.
1566 877 1730 954 Christus
1746 895 1805 956 tua
1820 885 1959 974 negotia
1975 886 2064 960 bene
2085 891 2240 972 fortunat,
2260 908 2310 966 ette

1384 993 1534 1075 tuosque
1555 998 1671 1057 servet
1689 983 1899 1068 incolumes,
1934 987 2142 1084 Tuquoque
2157 1016 2252 1086 aeque
2265 997 2309 1064 aui

1384 1105 1444 1166 mu
1467 1084 1746 1160 mediocritatem
1769 1100 1851 1165 tuac
1875 1091 2091 1164 conditionis
2115 1094 2207 1166 terto·
2252 1093 2310 1166 llaec

1383 1185 1498 1258 virtus
1513 1200 1549 1256 et
1562 1181 1709 1260 bomine
1722 1193 1906 1269 moderato
1922 1193 2126 1282 dignissima
2138 1209 2200 1280 est,
2212 1193 2310 1268 etChri·

1383 1303 1436 1392 sto
1448 1286 1573 1380 placet.
1624 1285 1827 1380 Beurnvale.
1878 1291 2001 1366 Saluta
2015 1297 2147 1370 fratres.
2192 1289 2311 1394 Caspm

1383 1411 1457 1458 non
1474 1386 1621 1460 vacabat
1635 1391 1809 1480 scribere,
1834 1392 1987 1478 scribam
2001 1397 2085 1480 alias
2093 1391 2139 1494 ¹¹).

1388 1567 2317 1622 Qua-*amq-

2346 1847 2347 1890 ι

1771 1875 1822 1966 G.
1850 1873 1996 1966 Helto.

1448 2031 1605 2091 Pmuaism
1628 2032 1717 2092 libro:
1754 2039 1954 2098 assandum:
1978 2043 2049 2100 Pbil.
2071 2045 2138 2100 Mel.
2161 2044 2188 2100 ir
2208 2045 2311 2116 Eumelis,

1483 2103 1767 2226 wiqeqraitatopmere
1781 2107 1851 2164 dieb.
1867 2107 2024 2167 Dominicis
2038 2126 2064 2168 et
2077 2113 2148 2170 lestis
2164 2127 2312 2198 proponuntur.

1508 2201 1510 2212 ι
1592 2189 1662 2244 ,ρει-
1691 2179 1725 2227 et.
1740 2173 1820 2227 selu.
1839 2175 1920 2233 MJ).
1932 2179 2043 2237 Xbllll.
2061 2183 2086 2238 8.
2104 2179 2159 2252 (qui
2174 2185 2231 2238 luber
2242 2182 2313 2240 tabeo

1480 2239 1512 2294 in
1525 2239 1693 2296 Bibliotheca
1712 2242 1830 2300 Senatu
1846 2245 1918 2368 Ἧι.
1950 2267 1965 2302 e
1985 2267 2044 2319 quo
2065 2253 2253 2325 eamdemque
2265 2255 2313 2305 ln·

1482 2307 1563 2429 zius).
1584 2307 1712 2430 lilectsauf
1726 2323 1766 2364 eat
1784 2311 1853 2368 liber
1889 2317 1985 2398 esilere
2000 2337 2050 2390 per
2064 2319 2104 2374 lo.
2118 2317 2259 2394 Oporinum,
2269 2323 2311 2376 tut.

1502 2407 1555 2432 .-·
1599 2387 1686 2432 terum
1700 2395 1729 2431 m
1744 2379 1811 2435 Mel.
1827 2385 1955 2453 operibus
1968 2385 2010 2440 ed.
2025 2385 2145 2445 Witteb.
2158 2389 2186 2447 T.
2201 2391 2239 2445 lll.
2249 2393 2312 2459 pl.-

1477 2441 1714 2572 (llp'qpqrgqqprarit
1732 2445 1808 2506 haus
1823 2449 1925 2508 librum
1944 2454 2085 2512 Ροιιιιιιιιι
2103 2460 2132 2514 in
2149 2459 2218 2531 epist.
2229 2459 2311 2513 aaa

1402 2663 1555 2772 Optimo
1580 2669 1658 2752 ciro
1684 2667 1890 2772 Georgia
1910 2665 2050 2754 Helio
2076 2679 2297 2758 Forchemio

1644 2769 1847 2880 Philippos
1874 2779 2100 2858 Melanthea

1380 2891 1490 2986 SD.
1542 2909 1714 3004 Magnum
1737 2931 1773 2988 et
1795 2920 2035 2998 inenarrabile
2061 2952 2148 3018 opus
2163 2925 2220 2998 Dei
2234 2938 2309 2996 estre

1381 3039 1462 3086 rum
1478 3013 1619 3088 creatio.
1645 3013 1717 3088 Sed
1733 3011 1846 3092 inulto
1864 3023 2039 3096 illustrius
2053 3030 2266 3100 testimonium
2277 3039 2310 3104 ot
2346 3023 2347 3026 ¹

1382 3129 1416 3186 et
1437 3138 1513 3184 esse
1534 3111 1649 3186 Deum
1674 3133 1708 3190 et
1732 3147 1816 3192 cura
1840 3149 1919 3194 eum
1943 3131 2081 3216 generis
2107 3123 2310 3207 bumaniailo',

1383 3217 1479 3309 quod
1495 3217 1570 3308 ipse
1584 3241 1656 3288 sese
1672 3237 1765 3294 certa
1782 3239 1884 3310 voce,
1904 3229 2006 3296 certis
2023 3227 2310 3304 testimoniisacni·

1381 3315 1542 3404 reculis,
1562 3320 1716 3414 denique
1743 3339 1775 3394 et
1797 3325 1889 3397 Filio
1910 3329 2036 3418 misso,
2069 3335 2232 3426 patefecit.
2271 3327 2311 3398 lte
2346 3357 2347 3438 ι

1381 3425 1472 3488 vero'
1482 3419 1610 3518 frustra
1627 3446 1663 3492 se
1677 3426 1857 3514 patefecit,
1884 3431 1944 3501 sed
1966 3436 2110 3520 agnosci
2127 3435 2214 3520 vult,
2233 3429 2309 3506 etull
2346 3453 2347 3516 ι

1383 3520 1541 3590 exaudiri
1556 3547 1595 3590 ac
1616 3526 1762 3612 cogitari
1780 3551 1878 3600 snam
1895 3555 2038 3621 vocem,
2063 3538 2141 3610 vult
2155 3561 2214 3608 nos
2227 3553 2311 3628 partrt

1383 3633 1417 3690 et
1430 3621 1599 3692 beneficia
1623 3626 1737 3696 oblata
1760 3631 1930 3722 accipere3
1957 3659 2024 3705 nec
2049 3639 2134 3710 alibi
2160 3639 2311 3710 coliturad

1384 3721 1582 3808 invocatur,
1607 3749 1672 3794 nec
1689 3727 1845 3818 impertit
1860 3739 1999 3817 aeterua
2016 3739 2191 3824 beneficia,
2215 3738 2266 3808 nisi
2276 3729 2311 3804 ubi

1382 3847 1450 3894 vox
1465 3819 1651 3942 Evangelii
1675 3845 1787 3901 sonat.
1837 3825 1884 3904 Et
1906 3861 2121 3933 quamquam
2143 3843 2245 3912 rident
2259 3833 2311 3926 Epi·

1382 3949 1478 3996 curer
1494 3919 1585 3995 hanc
1600 3927 1800 4002 iactantiam
1817 3949 1994 4020 nostram,
2016 3955 2135 4012 tamen
2150 3957 2262 4014 certum
2279 3947 2311 4014 etl

1380 4027 1423 4096 in
1441 4050 1482 4096 eo
1507 4041 1628 4114 coetu,
1654 4033 1717 4124 qui
1741 4051 1843 4108 sonat
1857 4033 2044 4130 Evangelii
2067 4067 2184 4116 vocem
2205 4046 2241 4113 de
2257 4035 2308 4108 llll

1380 4123 1469 4213 Dei,
1495 4142 1529 4198 et
1551 4133 1672 4213 adesse
1691 4131 1807 4204 Deum
1833 4151 1868 4208 et
1890 4134 2036 4212 heredes
2060 4167 2133 4216 esse
2149 4147 2231 4216 vitae
2244 4155 2308 4212 aets-

1380 4253 1447 4300 nae
1461 4232 1611 4320 multos,
1637 4233 1732 4306 iuxta
1754 4237 1843 4308 illud
1861 4241 2010 4313 dictum:
2037 4239 2140 4340 Quos
2156 4241 2257 4340 elegit,
2274 4231 2312 4306 itt
2346 4229 2347 4236 ¹

1380 4336 1415 4398 et
1429 4331 1577 4406 vocavit.
1628 4333 1810 4430 Nusquam
1828 4339 1936 4432 igitur
1950 4360 2032 4416 snnt
2050 4348 2165 4430 electi,
2188 4345 2312 4416 nisiinter

1378 4448 1531 4508 vocatos.
1581 4431 1630 4506 Et
1644 4436 1682 4506 in
1699 4433 1765 4509 boc
1780 4455 1901 4512 nostro
1919 4459 2037 4534 coetu,
2065 4449 2100 4520 id
2118 4465 2166 4522 est
2182 4449 2215 4518 in
2231 4461 2312 4516 name

1377 4557 1418 4604 ro
1433 4547 1650 4606 'vocatorum
1676 4540 1803 4612 electos
1827 4567 1900 4614 esse
1923 4569 2062 4620 necesse
2085 4568 2144 4622 est.
2191 4549 2313 4619 Contu

1376 4649 1447 4706 tem
1462 4638 1601 4742 vocatio
1615 4637 1681 4726 sit,
1706 4637 1835 4714 adduci
1851 4649 1893 4715 ad
1902 4639 2136 4739 Evangelium
2151 4663 2314 4742 cognoscen-

1377 4737 1480 4824 dum,
1509 4751 1543 4807 et
1559 4743 1793 4814 necessarium
1810 4762 1843 4818 et
1859 4737 2010 4821 salutare
2025 4768 2077 4825 est
2096 4754 2218 4846 legere,
2240 4741 2314 4817 medi·

1377 4838 1465 4922 tari,
1492 4841 1653 4912 conferre
1667 4846 2054 4923 doctrinamdivinitus
2071 4857 2237 4936 traditam,
2254 4863 2277 4915 tl
2289 4843 2316 4909 dl

335 4933 401 5012 Plu
413 4923 568 5006 levetur,
593 4943 700 5014 quam
724 4918 879 5008 primum
902 4917 947 4986 ad
963 4917 1118 5010 aliquam
1134 4911 1329 4988 8011013311·
1376 4963 1417 5010 ea
1431 4941 1587 5036 colloqui
1604 4969 1683 5013 cum
1700 4947 1797 5034 aliis,
1826 4955 2022 5042 expendere
2037 4956 2246 5024 admirandas
2262 4965 2315 5016 seu
2346 4959 2347 4968 ’

335 5041 412 5090 eam
445 5023 687 5094 conditionem
710 5017 920 5102 'adolescens
953 5018 1133 5090 ridebitur
1166 5019 1328 5092 idoneus.

339 5242 525 5262 Ἢ

368 5359 398 5431 *)
418 5360 520 5415 Hieron
538 5357 674 5440 Sepuden.
711 5353 775 5412 via.
791 5356 868 5427 epist.
884 5356 917 5410 ad
933 5355 1063 5412 Seballer.
1079 5355 1153 5410 1⁵43.
1173 5355 1202 5410 in
1216 5353 1263 5410 lin.
1277 5356 1327 5409 dr·

401 5442 456 5568 iant?
463 5465 491 5551 ,u
491 5439 530 5549 qt·
532 5426 670 5553 :miii
673 5425 719 5550 18.
731 5425 798 5496 Ape.
815 5426 889 5482 teas.
927 5425 1051 5481 Fortasse
1071 5426 1155 5496 igitur
1170 5426 1239 5478 baec
1253 5424 1326 5480 scri-

1377 5040 1504 5112 tentias
1525 5059 1559 5114 e't
1578 5069 1758 5130 enarrare,
1784 5049 1874 5122 sicut
1896 5052 2014 5146 inquit
2031 5055 2173 5127 Paulus:
2205 5045 2315 5122 Habilcl

1377 5139 1472 5212 inter
1487 5168 1548 5214 vos
1557 5148 1674 5245 sermo
1684 5137 1830 5217 Christi
1842 5151 2045 5246 opulenter:
2070 5161 2129 5228 sed
2144 5157 2232 5228 addit
2243 5151 2316 5220 idem.

1377 5243 1416 5312 in
1440 5243 1638 5340 sapientia.
1691 5247 1772 5318 Non
1799 5255 1874 5324 vult
1896 5253 2017 5327 ludere
2033 5260 2169 5350 ingenia
2186 5245 2315 5346 fingendis

1346 5431 1352 5525 i
1410 5493 1440 5566 ιι)
1459 5484 1580 5548 scribaris
1593 5495 1811 5558 attentionem
1825 5506 1881 5554 e‘sae
1896 5522 1911 5558 a
1924 5499 2043 5577 casparo
2055 5505 2193 5576 scierim·
