4890 6250
119 351 164 428 to
701 343 1142 426 untsronanun
1188 346 1390 432 LiB.lX.
1444 355 1574 435 asts.
2104 365 2156 442 50
2211 437 2219 448 .

119 523 180 598 No.
196 521 315 600 2647.
936 527 997 598 rt.
1012 525 1099 594 Febr.
1163 523 1208 598 sit
1223 524 1262 598 iu
1275 523 1419 598 Medico
1435 552 1558 624 opere,
1585 529 1648 602 etsi
1663 555 1764 604 rarus
1779 557 1876 606 nune
1890 525 1943 608 est
1960 535 1998 608 in
2013 534 2154 607 iudiciis

132 619 302 652 Μ
934 619 1107 648 ”⁴²⁹
1162 629 1315 713 candor,
1342 640 1461 700 tamen
1476 646 1591 722 sperat
1604 649 1738 704 vestros
1753 633 1915 706 Medicos
1930 637 2155 730 praedicatu·

389 706 445 794 Η.
473 701 836 822 Βᾳαηιξανίηενο.
1079 751 1085 758 ·
1161 751 1221 799 ros
1254 751 1328 798 esse
1361 743 1395 800 et
1433 735 1644 822 probaturos
1680 729 1742 805 has
1775 737 2046 830 descriptiones,
2088 763 2152 810 nec

289 877 403 935 nm
428 877 521 951 901oe
533 895 594 951 sqq.
616 905 651 922 -
686 879 871 954 npognpton
894 877 1009 936 tucod.
1028 878 1112 936 Gon.
1162 829 1303 902 dubitat
1333 831 1502 950 sebonis
1531 846 1567 905 et
1602 837 1751 954 eruditis
1778 838 2036 958 satisfacturum
2068 863 2152 915 esse.

270 989 279 1008 .
298 948 402 1022 aare.
553 997 555 1009 ,
1162 930 1283 1021 Quare
1297 945 1331 1003 te
1350 946 1456 1004 ettam
1471 950 1575 1028 atque
1589 951 1694 1008 ettam
1715 961 1798 1024 oro,
1826 955 1868 1014 ut
1890 941 2022 1013 hbrum
2040 939 2153 1013 Sena-

212 1105 220 1126 ·
1070 1101 1078 1121 ,
1161 1033 1215 1103 tui
1240 1033 1366 1106 offeras
1392 1048 1427 1104 et
1455 1037 1632 1128 perficias,
1663 1053 1703 1110 ut
1724 1041 1899 1132 intelligat
1918 1032 2084 1129 Cordus,
2116 1056 2179 1114 et·

160 1109 445 1202 H¹⁶V⁰nym⁰
468 1098 874 1200 Baumd‘ai'inms
901 1100 1075 1177 simum
1146 1134 1380 1214 ,voluntatem
1402 1157 1523 1224 suam,
1557 1151 1593 1208 et
1615 1141 1773 1211 studium
1796 1143 1898 1212 vobis
1919 1143 2150 1233 gratificandi,

468 1265 478 1322 p
550 1201 686 1280 Νθήύ·
1161 1249 1197 1305 et
1211 1231 1307 1306 hunc
1328 1236 1489 1308 laborem
1504 1237 1650 1311 Senatui
1673 1256 1788 1314 vestro
1810 1246 1960 1337 probati.
2014 1243 2054 1314 ld
2071 1247 2150 1316 olli·

127 1321 166 1412 S.
187 1339 233 1417 D.
285 1341 328 1416 Si
348 1356 411 1414 aut
431 1341 614 1431 ingenium
636 1337 788 1417 Valerii
801 1331 936 1426 Cordi,
961 1357 1024 1416 aut
1045 1339 1114 1414 ho-
1161 1337 1261 1406 cium·
1271 1361 1351 1408 curn
1367 1337 1434 1410 arti
1450 1352 1486 1411 et
1500 1340 1699 1429 doctrinae,
1731 1357 1809 1414 tum
1835 1370 1919 1417 vero
1936 1335 2061 1417 Cordo
2080 1347 2149 1439 ipsi

125 1443 338 1516 nestissimos
359 1467 494 1529 mores,
525 1459 586 1516 aut
609 1443 846 1518 eruditionem
865 1445 904 1516 in
927 1440 993 1517 hac
1016 1469 1113 1516 com-
1159 1437 1312 1525 tribues,
1339 1440 1401 1532 qui
1417 1441 1571 1531 prolecto
1586 1459 1731 1536 propter
1746 1445 1913 1521 virtutem
1936 1449 2064 1537 dignus
2088 1463 2149 1534 est,

121 1547 219 1617 muni
240 1560 365 1616 nostra
386 1539 635 1637 Philosophia,
667 1559 729 1617 aut
750 1546 971 1636 diligentiam
990 1547 1030 1616 in
1054 1548 1113 1616 in·
1160 1563 1266 1632 quem
1280 1540 1369 1611 boni
1385 1541 1454 1611 viri
1468 1545 1746 1635 complectantur
1766 1562 1800 1618 et
1821 1540 2001 1624 adiuvent.
2053 1547 2150 1620 Bene

123 1647 317 1742 quisitioue
351 1648 556 1740 plantarum
593 1647 794 1736 ignorares,
832 1649 989 1739 longiori
1018 1644 1111 1718 mihi
1160 1642 1248 1715 vale.
1300 1641 1551 1739 Wittebergae
1564 1646 1621 1716 die
1637 1643 1811 1721 Matthiae
1826 1647 2002 1742 Apostoli.
2030 1643 2148 1722 'Anno

122 1750 283 1820 oratione
306 1771 397 1840 opus
421 1771 494 1818 esse
516 1749 724 1819 arbitrarer:
758 1752 820 1820 sed
843 1752 926 1844 quia
950 1748 1044 1836 scio,
1076 1763 1111 1820 te
1159 1739 1396 1816 CloloXLlll.

122 1873 192 1920 non
209 1851 328 1920 solum
343 1849 554 1941 sapientem,
581 1851 761 1921 sedetiam
786 1854 948 1922 dextrum
970 1855 1007 1923 et
1027 1875 1112 1921 can-

122 1953 247 2022 didum
271 1974 453 2021 censorem
478 1973 551 2020 esse
574 1950 818 2040 ingeniorum,
852 1967 886 2024 et
912 1953 1111 2039 alienorum

123 2051 343 2138 studiorum,
368 2075 428 2121 ero
441 2051 595 2121 brevior.
646 2050 808 2143 intelligo
832 2055 1020 2124 autoritate
1046 2079 1113 2146 pu·
1161 2075 1226 2152 No·
1240 2077 1354 2151 2648·
1991 2103 2036 2166 25
2065 2097 2140 2160 Febr

124 2153 212 2226 blica
229 2153 326 2238 istic,
353 2168 385 2225 et
401 2165 460 2223 tua
478 2153 639 2223 oratione
655 2145 778 2224 Cordo
797 2158 1004 2225 mandatum
1027 2177 1114 2241 esse,
1165 2172 1337 2204 w»
1991 2189 2152 2212 «σν-

1972 2219 1976 2232 b

180 879 268 1006 Etitt·

1163 1941 2168 1972 *uua-*mma

123 2269 162 2326 ut
188 2254 463 2346 compositiones
483 2252 827 2330 Medicamentorum
852 2259 896 2325 ad
920 2281 1024 2326 usum
1047 2281 1114 2326 no·
1461 2268 1519 2357 D·
1548 2268 1871 2386 Schleupnero··

124 2371 279 2426 strorum
303 2355 583 2450 myropoliorum
609 2359 818 2450 conscribat.
869 2353 948 2428 Etsi
969 2359 1112 2428 difficile
1566 2417 1570 2428 ,

125 2481 213 2548 opus
234 2471 304 2540 est,
326 2457 445 2528 tamen
461 2458 544 2550 quia
568 2459 725 2527 studium
749 2482 853 2529 suurn
875 2461 1025 2548 probare
1049 2484 1114 2528 vo·
1229 2443 1440 2570 Epidiillw‘
1464 2467 1491 2522 μ
1506 2449 1628 2523 sotsqq.
1654 2465 1689 2494 ὁ
1722 2452 1919 2526 Apognphon.
1936 2454 1964 2508 ⁵⁰
1988 2457 2050 2514 Μ’
2066 2457 2150 2518 Reid.

124 2561 179 2630 bis
221 2557 403 2650 cupiebat,
443 2581 588 2648 operam
619 2581 719 2628 suam
753 2560 856 2628 vobis
872 2554 909 2654 ³)
940 2559 1113 2650 promisit.

124 2661 236 2752 Saepe
264 2655 372 2742 mihi,
412 2659 463 2728 mi
488 2657 724 2754 Hieronymo,
761 2661 800 2729 in
831 2671 985 2732 mentem
1019 2662 1115 2733 venit
1160 2667 1504 2746 Dn.Dominico
1529 2669 1863 2776 Sebleupnero,
1889 2674 2155 2758 Contionatori

124 2759 292 2845 Pindari,
318 2761 381 2854 qui
395 2761 491 2854 quod
507 2755 665 2832 Athenas
685 2785 791 2853 supra
812 2762 966 2856 reliquas
991 2763 1115 2833 civita·
1261 2769 1547 2872 Noribergensi‚
1563 2777 1691 2876 srntri
1703 2803 1771 2851 suo
1787 2781 1826 2852 in
1841 2775 1994 2858 Christo
2008 2785 2065 2882 †).

126 2877 175 2936 tes
192 2861 364 2934 Graeciae
380 2861 574 2948 laudasset,
597 2885 616 2932 a
633 2858 816 2934 Thebanis
833 2864 904 2932 suis
927 2864 1115 2935 mulctatus

127 2979 187 3036 est.
224 2963 296 3036 Sed
312 2963 377 3034 suit
394 2957 461 3033 hoc
475 2957 705 3035 humanitatis
718 2960 871 3052 Atticae,
897 2968 991 3060 quod
1002 2953 1116 3036 Athe-

127 3066 269 3137 nienses
284 3087 361 3134 eam
375 3063 543 3135 mulctam
559 3066 757 3136 solverunt:
788 3065 865 3138 ‘Nec
880 3091 963 3136 vero
980 3067 1116 3138 bellicis

126 3167 313 3254 laudibus,
338 3163 485 3246 robore,
520 3167 668 3258 opibus,
695 3169 755 3236 sed
780 3169 959 3250 doctrina,
993 3183 1027 3240 et
1049 3163 1117 3237 ho-

125 3283 307 3339 nestarum
337 3269 464 3338 artium
499 3267 626 3338 studiis
661 3269 917 3340 antecellebaut
946 3263 1118 3342 Athenae.

125 3368 224 3440 llaec
253 3369 425 3458 iudicavit
446 3367 622 3440 Pindarus
649 3369 783 3439 maiora
811 3393 884 3438 esse
909 3383 1116 3440 ornamenta

126 3469 1118 3665 fflnaffiffilmfia’cqfflfflaalffincffffl{2233ssss
1165 3515 1229 3609 qui
1245 3511 1413 3586 hactenus
1434 3512 1528 3588 nihil
1549 3518 1684 3610 scripsi.
1734 3517 1788 3590 De
1806 3517 2031 3594 Eucharistia
2052 3549 2154 3616 rogas

129 3675 339 3748 contusione
361 3673 507 3744 sortasse
539 3671 659 3743 nullae
691 3687 776 3746 sunt
806 3673 938 3744 similes
975 3675 1119 3794 politiae
1165 3615 2158 3816 ἓὲῐὲᾰίἷεᾚὲᾚῶςξξῌὲἕὲ,ᾛΘᾚῙὲἰάῗωΐῐῑρὲἶ

128 3775 276 3849 Graecis
291 3775 383 3858 illis,
410 3791 527 3847 tamen
550 3769 619 3844 hoc
642 3799 698 3844 res
716 3777 898 3896 οείιίῐιάἰῑἰ
922 3799 1018 3847 nunc
1039 3803 1119 3868 qm-
1167 3820 1405 3916 trusrequirit
1430 3822 1470 3891 in
1484 3817 1707 3898 Christianis.
1761 3822 1895 3896 verum
1918 3840 1953 3897 ep
1974 3829 2070 3900 idem
2093 3853 2158 3900 vo.

126 3880 208 3998 lem
230 3875 369 3947 nullam
387 3897 460 3946 ⁶⁸⁸⁸
478 3876 602 3996 irbem
621 3873 853 3995 Germin¹³⁰’
886 3902 926 3947 ¹¹¹
949 3902 1018 3971 ΨΜ
1039 3879 1120 3972 Plus
1167 3924 1243 4007 bis,
1268 3923 1399 4015 siquid
1421 3924 1588 3995 novaturi
1612 3925 1710 4008 estis,
1742 3929 1991 4016 praestandum
2016 3939 2086 4012 est,
2116 3937 2181 4002 nt*

125 3995 180 4066 srt,
189 3975 420 4050 honestarum
436 3991 585 4061 artium,
611 4001 715 4070 quam
734 4002 772 4046 rn
785 3990 909 4048 vestra.
940 3977 1026 4048 ldeo
1043 4003 1118 4048 earn
1167 4025 1202 4092 id
1218 4024 1391 4115 proficisci
1405 4025 1563 4095 sentiatis
1586 4023 1624 4106 ἐξ
1643 4016 1782 4118 ἰσχύως
1798 4015 1841 4120 ἧς
1850 4025 2039 4128 χορηγέῖὸ
2056 4024 2155 4111 θεός.

127 4083 304 4153 anteferre
320 4079 465 4152 caeteris
481 4080 596 4161 soleo,
622 4091 659 4146 et
674 4092 777 4170 opto,
801 4092 842 4149 ut
866 4082 1118 4170 possessionem
1168 4124 1340 4216 Agnoscis
1355 4123 1452 4196 petri
1467 4125 1587 4200 verba·
1638 4124 1712 4196 Nos
1736 4127 1831 4196 enim
1854 4153 1950 4200 anno
1976 4131 2157 4224 superiore

126 4171 378 4264 huirrslaudis‚
403 4203 509 4276 quam
525 4179 641 4250 tenuit
656 4179 728 4249 iarn
743 4179 879 4274 aliquot
895 4180 1041 4299 seculis&
1057 4182 1119 4250 diu
1160 4219 1241 4298 m
1265 4239 1398 4296 mmm
1414 4219 1452 4322 r)
1475 4251 1580 4320 quam
1610 4227 1799 4298 infeliciter
1828 4233 2040 4304 tentavimus
2061 4246 2096 4304 et
2118 4257 2157 4304 „e

128 4287 293 4357 retineat.
345 4283 432 4354 Tibi
448 4305 532 4352 vero
548 4281 685 4376 aliquid
699 4281 804 4352 debet
821 4280 956 4373 patria,
980 4307 1043 4375 qur
1058 4307 1121 4352 cu·
1169 4329 1178 4345 ·
1414 4327 1469 4399 ·h
1493 4349 1526 4396 m
1716 4329 1752 4398 d·
1824 4329 1883 4404 ..ι
2084 4335 2093 4350 .

126 4413 205 4471 ras,
230 4399 273 4456 ut
289 4379 465 4454 Ecclesiae
481 4407 622 4477 quoque
638 4395 827 4470 ornentur,
853 4397 887 4453 et
909 4396 950 4454 ut
970 4383 1010 4455 in
1033 4384 1121 4454 civi·
1167 4352 1242 4421 ¹9⁵³
1269 4350 1490 4418 wmpenea
1527 4351 1588 4417 ω’
1626 4351 1713 4398 'mm
1741 4355 1753 4398 ¹
1781 4353 1865 4424 ⁵9¹⁸
1884 4358 1945 4404 ⁰¹¹¹
1974 4349 2159 4424 n⁰g⁰t¹¹¹m

126 4503 199 4560 tate
223 4490 346 4557 literae
370 4487 539 4556 colantur.
595 4483 699 4556 Nunc
720 4484 828 4573 igitur
850 4483 1029 4556 literatum
1053 4481 1121 4554 bo-

128 4593 264 4662 minem
296 4587 365 4658 tibi
391 4587 622 4671 commendo,
652 4601 757 4682 teque
779 4609 885 4677 rogo,
918 4600 961 4657 ut
982 4586 1120 4657 senatui

125 4691 310 4784 praedices
341 4713 415 4760 non
443 4688 560 4758 solum
587 4713 694 4780 opus,
730 4690 826 4782 quod
849 4687 946 4758 misit
963 4678 1121 4773 Cordus,

127 4799 191 4864 sed
208 4793 315 4864 etiam
331 4790 483 4882 egregias
495 4789 605 4880 ipsius
621 4789 780 4864 virtutes.
831 4787 913 4860 Non
936 4788 1032 4858 enim
1051 4793 1120 4860 du-

41 4949 51 4964 .
128 4897 227 4982 bito,
249 4892 340 4987 quin
355 4893 573 4964 delectentur
589 4891 677 4961 boni
690 4891 777 4970 viri,
811 4889 915 4962 etiarn
936 4890 1053 4980 ignari
1074 4890 1119 4960 li-

129 5011 303 5080 terarnm,
329 4993 470 5066 virtutis
486 4992 602 5066 laude.
648 4989 824 5062 Adiunxit
839 5003 957 5063 autem
973 4979 1119 5062 Cordus

1162 2884 1206 2976 S.
1228 2903 1272 2982 D.
1323 2904 1372 2980 Et
1387 2933 1524 2980 morem
1539 2933 1659 2980 meum
1672 2925 1707 2982 et
1722 2913 1879 2984 studium
1896 2917 2007 2986 animi
2022 2941 2103 3009 erga
2119 2932 2153 2991 te

1162 3007 1232 3077 mei
1248 3008 1353 3083 nosti.
1405 3007 1525 3100 Quare
1539 3007 1632 3082 nihil
1646 3037 1736 3104 opus
1749 3028 1801 3085 est
1817 3016 1980 3108 longiore
1992 3022 2153 3092 oratione

1163 3133 1232 3202 qua
1248 3109 1428 3182 silentium
1446 3135 1618 3187 excusem.
1660 3113 1732 3185 Nec
1751 3117 1846 3186 enim
1860 3120 1933 3189 fere
1948 3120 2018 3190 m'si
2033 3141 2152 3194 neces-

1164 3213 1255 3282 saria
1272 3215 1316 3282 de
1329 3236 1451 3286 caussa
1472 3216 1516 3286 ad
1540 3215 1670 3286 amicos
1691 3216 1825 3303 scribo,
1841 3212 1922 3290 ‘nec
1945 3223 2056 3292 amice
2077 3223 2155 3292 fieri
2208 3253 2211 3267 ·

1164 3326 1307 3403 putem,
1344 3316 1374 3384 si
1402 3316 1482 3408 quis
1510 3315 1555 3386 ab
1581 3312 1649 3388 hoc
1678 3319 1739 3388 vul
1807 3319 1816 3338 ⁸
1857 3321 2018 3390 cribendi
2037 3323 2154 3393 officio

1166 3437 1283 3484 meum
1307 3415 1465 3486 animum
1488 3416 1658 3489 aestimet.
1720 3418 1778 3506 Qu
1870 3423 1956 3490 boni
1983 3427 2155 3509 consules,

1167 4429 1272 4501 nobis
1288 4429 1414 4503 facere.
1464 4428 1626 4502 Scribam
1638 4429 1747 4518 igitur
1761 4433 1882 4523 paucis
1896 4435 1983 4528 quid
1997 4435 2158 4510 sentiam.

1268 4529 1429 4600 Primum
1445 4532 1528 4623 quia
1545 4532 1585 4600 in
1602 4543 1696 4602 tanta
1719 4533 1949 4606 multitudine
1971 4535 2029 4604 vix
2053 4535 2159 4626 pauci

1167 4647 1251 4704 sunt
1271 4625 1466 4702 Christiani
1489 4645 1523 4702 et
1545 4631 1618 4723 apti
1643 4633 1707 4727 qui
1729 4632 1956 4706 Sacramento
1981 4636 2157 4721 fruantur,

1167 4734 1362 4803 cavendum
1386 4745 1454 4816 est,
1480 4756 1525 4801 ne
1542 4733 1667 4822 vulgus
1682 4733 1853 4806 invitetur
1868 4739 1911 4805 ad
1927 4732 2157 4828 prophanan-

1167 4837 1252 4904 dum
1287 4856 1415 4927 corpus
1440 4830 1599 4908 Domini.
1659 4831 1799 4905 Deinde
1828 4836 1939 4907 multo
1972 4838 2156 4930 pauciores

126 5102 175 5171 ad
203 5095 403 5169 doctrinam
430 5095 584 5186 optimos
604 5115 740 5178 mores,
776 5101 811 5162 et
838 5091 1052 5182 singularem
1080 5093 1119 5162 in
1200 5136 1232 5206 t)
1250 5131 1431 5188 Mortuum«
1444 5131 1678 5204 salamannus
1693 5130 1771 5188 15⁴7.

127 5201 232 5272 omni
255 5197 374 5271 officio
400 5195 633 5288 diligentiam·
691 5193 875 5286 Quantum
895 5209 1012 5268 aulem
1034 5194 1120 5266 ariis
1200 5215 1463 5288 &abrogationem
1475 5212 1631 5270 elevationis
1626 5214 1718 5335 tim
1733 5213 1761 5267 iu
1776 5231 1859 5272 coena
1878 5233 1973 5290 uera,
1992 5219 2092 5274 laetum
2097 5239 2160 5344 ⁵pest·

1236 5287 1394 5340 botherum.
1429 5283 1471 5337 De
1484 5285 1575 5338 eadem
1589 5301 1618 5334 re
1652 5280 1763 5338 orinber
1782 5303 1814 5338 ae
1828 5284 1887 5338 lites
1898 5285 1982 5342 luisse
1992 5305 2065 5341 anno
2081 5294 2092 5343 l

124 5379 358 5400 .......-.-
1238 5357 1338 5409 docent
1360 5352 1488 5425 epistotae
1507 5352 1540 5405 ad
1561 5349 1735 5404 Theodorum
1774 5352 1844 5409 ,25.
1861 5353 1925 5412 Oct.
1944 5365 1971 5409 et
1991 5355 2034 5412 2⁵.
2052 5357 2154 5414 Decbr.

1236 5425 1361 5492 scriptae.
1403 5419 1474 5476 Puto
1499 5419 1581 5491 igitur
1604 5417 1676 5474 banc
1696 5417 1772 5492 epist.
1790 5419 1819 5476 in
1840 5439 1913 5478 anno
1933 5422 2009 5479 lili.
2027 5426 2154 5500 scriptam

163 5503 196 5572 2)
215 5501 287 5558 cod.
298 5497 382 5556 Goth.
393 5497 453 5553 tot.
470 5498 560 5553 nobs.
1240 5509 1306 5548 erse.

125 5577 427 5648 menstruosae.
452 5575 592 5642 isonti.
1174 5655 1177 5668 ὁ
1319 5562 1343 5633 4
