4864 6244
101 336 174 410 889
694 325 1134 405 EPISTOLARUM
1188 326 1294 412 tlt.
1317 333 1382 421 lll.
1436 335 1572 411 1546.
2068 329 2144 404 890

99 530 156 580 res
171 505 406 590 moestitiam,
431 504 530 598 quod
551 503 654 573 video
672 500 790 574 Deum
813 503 970 573 mirabili
990 503 1097 573 boni·
1247 505 1406 580 Historia
1438 511 1481 580 de
1512 509 1682 580 fratribus
1707 505 1873 580 Cataneis
1899 508 2068 578 recitator
2098 504 2138 574 in

101 623 174 684 tate
195 605 310 680 adhuc
334 609 519 679 literarum
543 605 713 700 reliquias
732 619 766 675 et
785 606 903 699 aliqua
925 607 1019 676 bona
1037 605 1095 674 in·
1145 605 1368 706 postrema*)
1396 615 1529 706 pagella
1548 618 1683 683 Aetnae
1701 609 1864 701 Virgilii,
1889 612 1953 680 etsi
1972 607 2139 680 versiculi

102 713 205 805 genia
227 735 377 784 servare.
426 708 509 780 Erit
524 709 634 799 igitur
654 709 773 802 aliqua
789 711 834 776 ad
851 721 1008 800 posteros
1025 705 1096 777 Ec-
1146 714 1407 806 aliquantulum
1438 715 1596 806 corrupti
1626 727 1719 786 simt.
1770 713 1924 782 Narrant
1953 726 1988 781 et
2010 711 2139 782 Strabo

33 845 37 860 ·
104 815 226 900 clesia,
252 829 285 886 et
303 809 413 884 ernnt'
423 813 563 905 aliquae
583 809 762 884 πολιτείαι
777 807 1016 881 Ecclesiarum
1030 814 1095 880 do·
1146 829 1180 884 et
1204 815 1416 902 Pausanias,
1442 819 1504 910 qui
1532 819 1650 911 inquit
1675 817 1780 888 etiam
1805 839 1870 886 siio
1897 829 2054 906 ternpore
2082 837 2137 882 ce·-

102 917 246 989 micilia.
295 915 373 986 Hac
390 939 451 1004 spe
471 916 602 983 liberos
619 916 808 983 educemus
826 927 861 982 et
881 915 1094 986 erudiamus.
1145 917 1321 990 lebratum
1344 943 1416 989 esse
1439 915 1505 990 lioc
1531 921 1728 1010 exemplum
1760 919 1984 987 sermonibus
2014 914 2139 1006 populi

101 1017 168 1091 Est
183 1032 300 1090 autem
319 1020 357 1088 in
379 1018 452 1087 filio
467 1013 584 1086 Isaac
607 1017 739 1108 optima
759 1017 898 1084 indoles
914 1020 957 1084 ad
976 1017 1095 1084 literas
1145 1021 1182 1088 in
1198 1023 1328 1113 oppido
1345 1020 1490 1095 Catana.
1543 1021 1635 1090 Vide
1657 1021 1851 1090 Pausaniae
1873 1019 2036 1112 paginam
2052 1018 2140 1089 272.

103 1137 138 1194 et
155 1124 341 1205 virtutem,
367 1133 497 1189 etcum
517 1133 611 1188 amet
626 1119 754 1200 studia,
779 1117 929 1187 feliciter
946 1118 1095 1210 prolicit.
1147 1123 1184 1191 in
1198 1149 1301 1192 versu
1318 1138 1507 1215 postremo.
1558 1123 1720 1194 Scribam
1744 1123 1829 1192 alias
1849 1125 1963 1213 plura.

102 1222 253 1318 Propter
274 1218 336 1292 has
352 1223 499 1292 virtutes
514 1217 604 1290 niibi
627 1221 782 1311 profecto
801 1233 872 1288 tam
892 1216 1019 1290 charus
1034 1233 1096 1304 est,
1249 1225 1353 1296 Niinc
1384 1229 1446 1296 tibi
1476 1231 1686 1296 commendo
1709 1219 1929 1294 Martinam
1961 1211 2141 1315 Wagner

3 1341 4 1360 ¹
102 1327 256 1420 quamsi
282 1350 322 1396 ex
346 1349 403 1393 me
426 1335 647 1392 natusessel·
698 1317 734 1390 Ο
757 1345 925 1410 magnum
940 1321 1009 1392 Del
1031 1324 1097 1390 do-
1147 1331 1298 1420 probum
1324 1325 1526 1413 hominem,
1553 1331 1613 1397 sed
1630 1341 1823 1416 aegrotum.

101 1454 210 1510 num,
236 1423 367 1498 habete
384 1426 515 1494 llberos
529 1425 677 1494 idoneos
693 1424 738 1492 ad
753 1423 938 1494 virtutem!
976 1423 1097 1512 Quare
1245 1425 1412 1500 Ludoici
1434 1424 1608 1501 Ciconiae
1635 1433 1754 1500 literas
1782 1429 2033 1498 insulsissimae
2055 1427 2142 1514 legi3

101 1544 136 1602 te
152 1555 237 1615 oro,
263 1543 303 1600 nt
319 1528 569 1616 gratitudinem
585 1539 681 1595 tuam
698 1547 777 1616 erga
796 1523 912 1595 Deum
931 1527 1097 1610 declares,
1145 1531 1303 1622 prolecto
1325 1536 1363 1602 in
1385 1536 1552 1604 familiari
1576 1531 1774 1625 colloquio,
1801 1533 1884 1625 qiiia
1907 1533 1957 1600 sic
1980 1529 2064 1598 satis
2088 1529 2142 1596 la-

101 1648 137 1704 et
159 1632 266 1702 simul
289 1631 375 1698 velis
404 1629 600 1719 posteritati
627 1627 758 1698 civium
783 1629 908 1697 utilem
936 1631 1097 1711 educare,
1147 1636 1369 1722 cundiisest‚
1396 1661 1580 1730 nunqnam
1598 1637 1832 1705 animadverti
1857 1648 1995 1705 tantum
2023 1629 2142 1700 stulti-

100 1760 141 1804 ac
158 1735 278 1803 mittas
293 1733 368 1801 lilio
385 1727 502 1800 Isaac
519 1743 690 1821 sumptus.
750 1725 1095 1800 Aitseiamdebere
1146 1737 1214 1806 tiae
1242 1750 1276 1806 et
1298 1739 1551 1828 impudentiae.
1604 1736 1701 1810 Bene
1723 1740 1812 1810 vale.
1863 1733 1964 1816 †die
1988 1731 2143 1805 17.Νο-

102 1839 375 1906 decemaureos.
426 1832 466 1903 Si
486 1833 583 1901 illins
605 1831 809 1902 necessitate
834 1857 909 1904 non
931 1834 1095 1914 moveris,
1147 1837 1337 1907 venibris''.
1395 1839 1553 1910 Domino
1584 1839 1732 1911 Doctori
1771 1833 1998 1911 Wenceslon
2032 1835 2141 1904 dicito

99 1961 263 2007 moveare
283 1960 360 2005 mea
379 1935 646 2020 intercessione,
667 1958 708 2003 ac
730 1931 820 2004 milii
845 1937 973 2007 mittas.
1023 1933 1095 2004 Nec
1146 1965 1202 2009 me
1219 1941 1333 2010 filium
1351 1944 1528 2012 audivisse
1545 1959 1579 2013 et
1596 1945 1860 2014 commendasse
1877 1937 2116 2030 Hieronymo.
2153 1977 2158 1983 ·

98 2052 272 2130 peterem,
295 2038 363 2106 nisi
381 2039 552 2127 frugalem
568 2060 641 2106 esse
658 2037 795 2123 scirem,
820 2040 905 2107 nolo
920 2040 1015 2106 enim
1032 2062 1093 2106 cii·
1656 2041 1845 2136 Philippus
1865 2037 2090 2113 Melantlion.

98 2141 262 2232 iusquam
278 2140 518 2232 prodigalitati
540 2141 765 2232 patrocinari.
815 2139 951 2210 Didicit
965 2134 1092 2209 Arith-

98 2243 270 2328 meticen,
296 2257 329 2314 et
345 2266 441 2312 nunc
460 2241 683 2312 Geometrica
698 2243 891 2332 adiungere
907 2243 1022 2333 coepit
1035 2264 1092 2308 me
1145 2285 1573 2298 -----------
1576 2283 2094 2296 ----------------
2095 2281 2141 2292 -·

98 2338 328 2430 adhortante,
362 2367 449 2433 rogo
473 2344 602 2434 igitur,
628 2358 670 2415 nt
688 2344 805 2414 mittas
823 2346 855 2413 ei
872 2345 1007 2437 aliquid
1030 2368 1093 2436 pe·
1953 2367 1960 2378 ·

97 2447 224 2516 cuniae
241 2448 285 2515 ad
304 2447 415 2515 libros
435 2448 622 2529 emendos,
648 2445 813 2516 videlicet
828 2442 1034 2530 Eucliden,
1059 2458 1093 2515 et
1142 2444 1209 2514 No.
1226 2439 1339 2516 8315.
1986 2453 2043 2512 22.
2061 2441 2141 2507 Nor.

96 2544 265 2646 μεγάλην
298 2541 475 2630 σύνταξιν
506 2542 721 2620 Ptolemaei.
785 2548 845 2620 Sic
878 2551 946 2620 tibi
977 2549 1092 2618 filiiim
1149 2538 1321 2567 m
1963 2534 2134 2564 Μ

99 2653 329 2737 commendo,
356 2666 398 2723 ut
414 2665 530 2721 tecum
552 2675 672 2720 amore
688 2650 799 2742 ipsius
823 2667 970 2738 certem,
996 2651 1092 2745 qnod
1487 2639 1788 2724 Academicis.

95 2775 173 2820 non
194 2755 363 2834 facerem,
396 2754 468 2822 nisi
490 2755 628 2823 indoles
651 2756 695 2824 ad
718 2754 887 2825 virtutem
914 2769 949 2825 et
973 2755 1093 2826 literas
1213 2801 1405 2876 senpiapubt.
1420 2801 1453 2857 T·
1467 2803 1489 2858 Ι.
1503 2821 1530 2872 p.
1546 2800 1605 2856 140·
1624 2801 1770 2872 (Metaon.
1784 2808 1882 2854 mm
1898 2806 1938 2853 esi
1955 2798 2071 2871 scripit.)

97 2855 226 2926 idonea
257 2857 449 2930 videretur.
501 2854 598 2926 Beue
620 2857 709 2928 vale.
760 2855 829 2928 Die
854 2858 912 2933 16.
936 2857 1093 2928 Novem-

95 2958 182 3033 bris.
1143 2941 1280 3018 Rector
1298 2941 1518 3018 Academiae
1545 2942 1842 3041 Augustinus
1869 2939 1899 3014 S
1908 2937 2022 3014 elini
2023 2942 2062 3043 s,
2085 2939 2141 3022 D.

1144 3081 1200 3171 Ut
1216 3096 1392 3191 Propheta
1407 3096 1522 3168 Deum
1538 3110 1630 3168 orat:
1656 3096 1829 3180 Domine,
1855 3097 1894 3164 in
1913 3095 1966 3164 ira
1989 3108 2049 3166 tua
2069 3095 2141 3163 mi-

416 3255 425 3270 ·
1143 3203 1356 3272 sericordiae
1381 3203 1593 3271 recorderis:
1621 3201 1670 3270 ita
1690 3223 1756 3268 nos
1774 3220 2024 3288 agnoscamus,
2047 3197 2141 3266 cala·

95 3315 164 3390 No.
178 3315 291 3392 sats.
950 3329 1092 3400 17,N0„
1143 3306 1283 3375 mitates
1297 3299 1471 3374 humanas
1488 3329 1560 3398 non
1579 3325 1661 3372 casii
1677 3302 1849 3371 accidere:
1884 3299 2065 3389 Scriptum
2089 3312 2141 3369 est

101 3413 274 3444 ψ’*
797 3441 801 3450 ·
954 3422 1090 3445 Μ
1144 3410 1257 3478 enim:
1310 3406 1447 3479 Omnes
1477 3407 1597 3497 capilli
1623 3404 1746 3494 capitis
1767 3403 1819 3472 tni
1840 3402 2018 3472 numerati
2040 3413 2138 3471 sunt:

431 3515 477 3603 V
473 3585 483 3608 ‚
517 3519 754 3606 sseodom
1143 3513 1205 3580 sed
1221 3510 1467 3600 castigationes
1484 3533 1577 3593 esse,
1599 3509 1730 3601 quihus
1745 3507 1788 3574 ad
1804 3503 2058 3597 poenitentiam
2075 3529 2139 3572 vo-

205 3696 213 3709 ,
272 3697 279 3710 ,
1143 3637 1281 3682 camur:
1310 3625 1344 3682 et
1358 3613 1565 3682 ardentibus
1581 3611 1673 3679 votis
1692 3633 1851 3690 oremus,
1875 3621 1915 3676 ut
1930 3606 2139 3696 mitigentur

163 3694 247 3768 ΕΜ·
262 3695 309 3750 ''l''
326 3695 374 3750 vt.
389 3713 415 3767 Ρ·
427 3698 480 3753 ⁴⁹²
494 3719 534 3773 ’l'
553 3733 590 3744 “
625 3701 677 3758 ¹¹³⁰
688 3723 718 3757 ‘¹
730 3703 898 3776 autographo
914 3703 941 3758 ³¹¹
954 3707 1092 3760 ⁰⁰¹³·M0·
1142 3739 1296 3807 poenae,
1308 3727 1349 3783 ut
1364 3715 1436 3783 sint
1450 3712 1653 3806 superstites
1668 3711 1806 3804 aliquae
1823 3707 2020 3793 Ecclesiae,
2035 3703 2139 3778 scho-

199 3783 261 3820 ¹¹²⁶·
276 3765 296 3818 ¹·
310 3785 338 3838 Ρ·
351 3767 413 3822 ⁶²⁴·
1143 3819 1195 3888 lae
1212 3833 1247 3888 et
1260 3817 1425 3912 politiae,
1452 3817 1490 3886 in
1512 3817 1641 3910 quibus
1656 3812 1753 3884 Dens
1773 3813 1978 3882 celebretur.
2031 3807 2138 3879 Ideo-

142 3907 195 3984 D.
226 3911 270 3988 V
271 3911 339 3985 ito
359 3909 398 3986 T
405 3912 626 4002 teodoro,
664 3917 808 3993 docenti
828 3919 979 4020 Evang.
1003 3921 1041 3992 in
1141 3945 1210 4013 que
1233 3945 1314 3991 cnm
1339 3919 1408 3989 iani
1432 3943 1557 4010 magna
1576 3942 1656 4010 pars
1673 3916 1797 4008 oppidi
1814 3905 1977 3984 Gottline
1992 3911 2136 4004 perierit

431 4017 603 4093 Ecclesia
622 4019 757 4100 Norib.
1141 4023 1324 4093 incendio:
1358 4046 1627 4112 expavescamus
1650 4020 1859 4110 cogitatione
1885 4017 1956 4085 irae
1980 4014 2067 4098 Dei,
2101 4027 2137 4084 et

96 3180 754 3198 mm

1141 4150 1206 4196 nos
1237 4127 1280 4194 ad
1306 4125 1581 4216 poenitentiam,
1612 4123 1820 4192 modestiam
1849 4131 1882 4188 ct
1905 4120 1948 4188 ad
1971 4120 2135 4188 ardentes

1140 4227 1358 4320 precationes
1375 4227 1618 4296 exusciteinns.
1667 4223 1814 4296 Erimus
1837 4235 1955 4290 antem
1979 4243 2060 4310 erga
2075 4244 2134 4288 ca-

88 4129 137 4220 S·
164 4145 209 4218 D.
260 4146 349 4219 Heri
366 4165 462 4223 tuam
477 4151 676 4247 Epistulam
698 4160 833 4252 accepi,
860 4160 984 4254 inqua
1005 4187 1089 4232 nar-

88 4274 148 4320 ras
166 4266 199 4321 te
216 4252 391 4322 delectum
412 4279 504 4340 esse,
530 4271 569 4328 nt
590 4260 637 4326 sis
662 4275 780 4331 noster
796 4265 833 4331 in
850 4259 1087 4361 Colloqiiio*)
1543 4329 1552 4345 ,
1669 4327 1677 4344 ‚
1861 4323 1869 4340 ,
1937 4323 1944 4340 ,

999 4359 1009 4388 1
1138 4331 1318 4400 lamitosos
1333 4331 1444 4420 magis
1461 4329 1626 4410 officiosi,
1650 4351 1679 4396 si
1698 4351 1778 4396 vere
1796 4325 2044 4414 cogitabimus,
2067 4344 2133 4390 nos

86 4356 133 4423 de
154 4355 316 4424 doctrina
333 4351 572 4429 Ecclesiariim
595 4361 812 4434 instituendo
835 4389 1084 4462 nepaesinae,
1520 4432 1527 4448 ,
2001 4425 2025 4441 η
2102 4423 2111 4440 ‚

87 4480 157 4549 qua
175 4459 218 4526 de
236 4457 375 4528 rescito
394 4471 426 4528 te
451 4463 495 4530 ab
514 4462 589 4553 ipso
606 4457 776 4534 Lietliero
801 4469 973 4538 delectum
999 4495 1084 4546 esse.
1137 4458 1278 4551 ‘lu⁰‘l¹¹⁰
1294 4456 1425 4524 P⁰⁰¹¹l⁵
1441 4447 1586 4500 m⁰l¹l⁰⁵
1603 4454 1693 4514 ⁰⁵⁵²,
1718 4427 1877 4498 ‘meum
1893 4427 1983 4494 lille
2000 4448 2044 4492 ¹¹⁵
2061 4449 2132 4492 ¹¹¹¹·

85 4557 158 4628 Sed
183 4560 285 4652 quale
302 4560 461 4630 futurum
484 4577 586 4655 puras
601 4563 832 4662 colloquium
850 4570 889 4639 5¹,
907 4567 973 4640 hoc
995 4599 1081 4642 con·
1136 4551 1245 4624 ligare
1266 4558 1416 4625 poenas,
1443 4535 1503 4626 qni
1521 4532 1672 4652 ³⁶⁰5?sp
1687 4557 1789 4624 opem
1815 4531 1952 4612 lerunt,
1980 4540 2019 4596 ut
2041 4524 2132 4594 dici-

84 4673 216 4744 rentu,
247 4663 291 4730 ad
316 4687 421 4756 quein
446 4689 559 4734 novae
581 4669 782 4741 animorum
806 4673 1082 4746 exulcerationes
1134 4652 1207 4708 '¹¹¹²
1234 4633 1384 4722 Befllffis
1408 4663 1470 4730 ‘1¹¹¹
1497 4637 1664 4726 ¹¹¹l⁰ll¹g¹l
1685 4658 1791 4726 super
1811 4655 1961 4718 egenum
1986 4641 2020 4698 et
2040 4653 2131 4720 pan-

83 4763 856 4865 adserenturpropierLycaonemcaptum?
880 4801 1081 4867 magum-
1133 4765 1264 4832 perem.
1309 4737 1352 4808 lu
1368 4739 1426 4858 die
1441 4740 1533 4808 mala
1547 4737 1715 4856 liberabit
1733 4759 1812 4852 epm
1828 4730 2016 4802 Dominus.
2057 4727 2128 4798 lta-

1132 4867 1201 4935 que
1223 4837 1413 4910 Academia
1438 4843 1483 4911 dc
1505 4842 1648 4932 publico
1677 4839 1847 4928 largietur
1869 4834 2126 4926 eleemosynam

82 4865 201 4934 bitror
223 4867 266 4934 dc
288 4867 367 4935 aliis
391 4871 497 4940 rebus
527 4875 719 4944 certamina
742 4878 837 4962 sore,
871 4903 961 4972 qnae
985 4879 1081 4950 Dens
1294 4935 1309 4960 ,,
1555 4943 1563 4958 ,
1727 4941 1736 4956 ‚

82 4967 268 5057 gubernet,
321 4963 569 5066 dyvaateeoe
598 4975 731 5066 legatos
760 5003 882 5048 recens
907 4983 1005 5052 misi,
1035 4987 1077 5052 ad
1132 4937 1347 5024 (tantonis,
1371 4959 1403 5016 et
1428 4939 1496 5012 lior
1520 4944 1638 5012 tridiio
1663 4963 1777 5008 varias
1801 4937 2039 5030 eleemosynas
2052 4933 2126 5003 col-

80 5067 218 5140 Ducem
236 5065 489 5158 Mamilium,
512 5076 987 5169 quinmoemrpurcpfflm
1004 5084 1079 5181 Ty·
1131 5047 1263 5117 lectura
1288 5059 1350 5119 est.
1411 5042 1451 5113 ld
1476 5044 1616 5136 publice
1646 5037 1705 5111 liic
1728 5039 1964 5129 significatur,
1996 5051 2035 5105 iit
2062 5037 2125 5104 be-

79 5197 237 5242 ranniim
271 5175 509 5245 adducturum
541 5181 701 5269 proxima
737 5196 864 5253 aestate
901 5185 1078 5276 ingemem
1131 5151 1274 5240 nignins
1300 5147 1506 5268 censeretis,
1535 5145 1632 5237 qiiod
1661 5146 1862 5262 lacereros
1896 5138 2125 5257 iustissimum

81 5276 292 5360 exercitum,
316 5288 349 5344 et
365 5279 452 5367 petii
467 5281 673 5385 pstquam,
693 5298 734 5356 ut
749 5287 848 5359 solet·
1130 5266 1192 5327 est.
1253 5250 1347 5339 Quia
1369 5247 1465 5318 Dens
1488 5249 1566 5319 vult
1590 5269 1655 5317 nos
1679 5248 1782 5316 adlici
1802 5245 1924 5314 dolore
1949 5266 1985 5308 in
2009 5240 2123 5310 aliena

1131 5441 1339 5454 η..-

114 5527 146 5596 *t
164 5527 348 5586 llstislioiuiee
366 5549 438 5588 anno
457 5535 592 5607 proximo.
1163 5545 1192 5618 ⁴¹)
1214 5543 1319 5618 Spanh.
1336 5544 1491 5614 proxima,
1516 5563 1546 5598 ex
1565 5545 1674 5599 mendo.
