4842 6256
276 300 350 384 1⁰⁷
411 280 416 291 ’
854 293 1291 380 ENSTOBMUM
1336 301 1445 382 mn.
1478 303 1545 386 tx.
1590 305 1726 390 atta
2241 315 2316 392 tos
2413 333 2414 338 ‘

276 473 542 546 adolescentem
550 471 652 544 vobis
664 472 908 562 gratum‘lore.
956 468 1036 565 Ego
1050 473 1213 568 quidem,
1240 470 1271 544 si
1316 469 1441 568 phana·
1457 479 1641 567 securitas,
1680 482 1802 556 nullae
1831 496 1916 557 sunt
1938 478 2102 558 mamae
2124 487 2259 560 amoris
2281 503 2316 562 ct

277 601 351 670 quo
377 575 485 646 officii
510 595 640 664 genere
659 575 840 646 declarare
860 597 980 646 mcum
1004 599 1092 666 erga.
1106 600 1172 646 voa
1193 589 1272 648 stu·
1318 579 1489 650 desiderii
1506 583 1549 652 ad
1574 579 1709 653 Deum
1750 598 1886 658 caetera
1906 587 1983 678 ipse
2005 590 2207 677 mediteris,
2238 615 2315 662 non
2414 561 2415 628 l

279 677 380 750 dium
392 690 535 768 potero,
560 676 707 762 faciam,
730 689 773 748 ut
787 677 1013 769 intelligatis,
1037 679 1191 760 mesore
1209 701 1272 750 ve·
1317 681 1413 750 enim
1427 695 1528 753 vacat
1543 684 1678 774 integre
1695 681 1782 758 haec
1797 701 1958 764 tractare.
2009 689 2100 761 Cum
2125 693 2235 781 igitur
2256 695 2316 764 di-

280 779 344 853 atri
359 777 657 851 studiosissimum
672 792 709 851 et
723 801 808 853 erse.
1319 782 1431 852 cimus
1465 807 1540 854 esse
1572 788 1829 878 privationem,
1870 811 1931 860 sen
1963 794 2211 881 amissionem,
2250 819 2316 866 scu

479 907 514 982 D
543 908 576 983 V
603 909 845 983 dedffissimus
1318 883 1586 976 spoliationem,
1617 889 1723 980 plane
1746 903 1780 960 et
1803 885 1947 984 proprie
1966 893 2166 986 loquimur,
2200 910 2235 964 et
2255 898 2317 966 in·

515 965 526 989 ‘
576 963 587 989 ⁹
884 1009 968 1086 Phil
998 1008 1221 1090 Melanchth.
1318 985 1512 1075 telliglmns
1524 984 1696 1084 στέρησιν
1712 990 2112 1066 moreDialecticorum.
2154 996 2229 1068 Nec
2243 993 2318 1070 hoc

970 1067 980 1091 ‘
1318 1085 1484 1178 impedit,
1523 1092 1619 1184 qnod
1640 1093 1697 1163 illi
1717 1094 1837 1179 aiunt,
1875 1092 2046 1190 στέρησιν
2068 1120 2142 1167 csse
2164 1099 2318 1184 formae,

1320 1203 1547 1282 quae-potest
1567 1194 1704 1280 adesse5
1748 1189 1797 1266 At
1820 1197 1955 1268 iustitia
1980 1199 2115 1288 integra
2145 1225 2245 1272 nunc
2275 1204 2319 1272 in

1321 1303 1445 1361 nature
1462 1315 1534 1362 esee
1550 1315 1625 1363 non
1640 1309 1765 1387 potest.
1808 1294 1905 1367 Haec
1920 1300 2099 1370 cavillatio
2114 1303 2230 1372 ociosa
2246 1318 2318 1373 cst:

278 1375 475 1457 noerae.
964 1443 974 1455 .
1102 1397 1161 1460 st.
1178 1385 1261 1472 Aug·
1319 1405 1413 1462 certe
1430 1391 1626 1493 creatura³)
1648 1397 1698 1467 sic
1721 1414 1772 1470 est
1793 1400 1953 1484 condita,
1992 1403 2092 1472 utin
2115 1405 2320 1478 reluceret

287 1475 459 1512 Μ
1094 1481 1268 1512 *Ν
1319 1488 1406 1563 haec
1424 1493 1580 1582 iustitia,
1613 1509 1647 1568 et
1664 1493 1781 1572 adhuc
1800 1513 1859 1570 est.
1876 1501 1951 1571 eius
1974 1525 2082 1596 capax
2101 1519 2136 1575 et
2157 1505 2190 1575 ei
2211 1497 2321 1577 resti-¹

590 1563 653 1650 M·
683 1561 962 1652 SidemannO.
1320 1607 1461 1678 tuetur,
1495 1599 1554 1668 sed
1585 1621 1661 1669 non
1691 1601 1768 1672 sine
1797 1601 1920 1673 divina
1944 1627 2027 1693 ope.
2082 1602 2248 1700 Denique
2268 1609 2319 1682 sit

349 1741 418 1800 Met.
437 1741 528 1798 select.
546 1739 622 1814 epist.
643 1761 670 1815 p.
684 1743 745 1799 405.
779 1747 881 1801 lterum
902 1747 931 1800 in
952 1746 1036 1820 Epist.
1057 1745 1104 1804 lib.
1123 1745 1144 1804 l.
1165 1765 1193 1831 p.
1212 1748 1272 1804 ⁴57.
1318 1700 1446 1767 modus
1461 1693 1746 1799 ἅκριβολογιῶγ·
1798 1699 1865 1775 Sin
1882 1728 1956 1773 ”⁰¹¹
1972 1707 2085 1796 placei
2100 1707 2218 1778 dicere
2233 1707 2317 1804 μί’

295 1883 298 1890 Ι
384 1811 655 1936 &tumuerint
671 1814 856 1882 ep.tso.).·-
879 1815 1272 1888 neniqueapermamarst
1321 1797 1501 1869 ontionem
1517 1815 1579 1872 ant
1594 1799 1783 1897 στέρησιν,
1810 1804 1906 1876 dicas
1920 1805 2182 1896 amissionem,
2212 1805 2317 1890 †etsi

384 1879 488 2006 sti:
501 1879 1272 2026 instantesettartarizein:
1318 1900 1414 1970 n...
1438 1901 1611 1991 snam
1636 1905 1777 1977 ..aaa
1801 1910 1898 2001 ...a
1924 1907 2168 2005 amam).
2218 1909 2318 1982 ¹³³ss-

322 2060 327 2067 .
383 2017 485 2089 prm.
1319 2001 1375 2072 lus
1393 2004 1541 2073 eandem
1551 1997 1890 2096 privationem'satis
1905 2010 1998 2082 clare
2020 2011 2206 2092 describit,
2233 2038 2317 2084 cram

679 2167 682 2174 ,
1320 2103 1383 2173 ait:
1419 2095 1559 2176 Omnes
1580 2116 1703 2178 carent
1718 2104 1845 2202 gloria
1859 2105 1957 2197 Dei,
1987 2113 2119 2198 idest,
2151 2110 2230 2184 lucc
2255 2109 2318 2184 di·

281 2169 497 2252 Martinn
522 2169 803 2251 Sidamanno
828 2173 976 2268 docenti
997 2177 1116 2252 bonas
1142 2177 1273 2254 literas
1321 2203 1408 2274 „tna
1433 2202 1667 2299 glonfimm
1687 2205 1825 2289 Deum·
1882 2207 1932 2284 Eg
1956 2207 2112 2284 „uagas
2138 2215 2178 2285 1„
2207 2219 2316 2288 gerg„

372 2275 412 2350 in
432 2273 566 2375 ⁰Ppid⁰
582 2275 818 2382 Mansfetde
843 2282 964 2354 “mim
980 2307 1048 2355 ⁸¹¹⁰
1074 2278 1119 2354 S*
1129 2279 1184 2356 D·
1321 2329 1396 2398 cap.
1417 2306 1481 2384 lib.
1502 2303 1684 2384 Geneseos
1706 2315 1927 2386 monstrabat
1954 2315 2200 2388 confusionem
2232 2343 2319 2410 par-

281 2391 538 2484 Elconslliurn
555 2413 934 2489 nivoluntatemtuam
949 2418 1080 2508 probo,
1105 2420 1202 2512 quod
1220 2433 1275 2490 te.
1320 2410 1409 2480 tium
1425 2422 1459 2480 el
1474 2412 1734 2488 deformitatem
1748 2413 1928 2486 inferiori!
1940 2417 2132 2507 potentiae:
2159 2417 2315 2510 Magnae

281 2539 385 2585 neres
401 2529 536 2587 mentes
549 2512 746 2588 Puerorum
762 2519 893 2590 imbuis
913 2520 1094 2589 elementis
1114 2521 1273 2592 coelestis
1320 2533 1376 2580 ιιι
1399 2511 1569 2586 brevibus
1589 2515 1708 2588 verbis
1731 2516 1942 2607 significatae
1963 2531 2047 2588 sunt
2067 2519 2137 2610 piis
2162 2533 2197 2589 ct
2218 2518 2314 2615 μὴ’)

174 2677 176 2686 Α
282 2617 478 2692 doctrinae,
533 2615 625 2687 Nam
645 2613 704 2696 hic
725 2633 845 2691 coetus
864 2621 922 2691 vet
941 2622 1129 2714 praecipua
1150 2618 1274 2692 Eccle.
1319 2613 1573 2687 meditantibus
1606 2631 1641 2690 et
1671 2618 1875 2690 volentibus
1906 2641 2094 2708 agnoscere
2118 2617 2315 2692 humanam

282 2719 353 2788 siae
370 2714 438 2790 Dei
459 2741 541 2811 pars
562 2732 624 2789 est.
675 2718 795 2810 Quare
818 2724 856 2792 in
879 2745 920 2792 eo
941 2746 1068 2792 sonare
1088 2725 1274 2794 coelestem
1319 2715 1611 2792 imbecillllalem.
1676 2719 1781 2790 lllam
1817 2719 2079 2791 cavillationem
2112 2722 2164 2792 Sic
2197 2725 2315 2794 dilue:

282 2820 481 2891 doctrinam
494 2843 634 2890 necesse
651 2835 719 2892 est:
745 2848 784 2893 ac
800 2821 916 2894 Deum
934 2839 1115 2895 aeternum
1131 2823 1273 2897 Patrem
1319 2809 1441 2888 Nihil
1459 2841 1533 2889 non
1553 2814 1781 2916 puniendam
1805 2827 1875 2907 est,
1915 2813 2104 2892 Peccatum
2127 2816 2232 2892 nihil
2254 2833 2316 2909 est,

282 2921 485 2992 liberatoris
497 2923 612 2992 nostri
626 2921 706 2993 lesu
717 2919 851 2996 Christi
867 2949 948 3012 oro,
977 2941 1019 2997 ut
1032 2922 1118 2998 haec
1132 2929 1272 3017 agmina
1320 2915 1430 3012 Ergo
1445 2943 1519 2991 nvn
1533 2918 1760 3016 puniendum
1775 2931 1826 2991 est
1835 2947 1843 2991 τ
1878 2922 1990 2993 Aliud
2013 2938 2064 2995 est
2087 2920 2183 2998 nihil
2200 2949 2316 3020 nego·

283 3023 496 3094 discentium
507 3037 626 3112 ,servet
640 3038 676 3095 et
690 3027 880 3116 gubernet,
911 3041 946 3098 et
966 3022 1119 3121 hospitia
1141 3030 1192 3100 eis
1214 3032 1275 3100 det
1321 3020 1910 3120 li0t‚-aliudestnihilprt'valive.
1959 3024 2049 3096 Nam
2072 3022 2165 3098 nihtt
2185 3025 2317 3124 priva·

283 3125 496 3218 tranquilla‚
528 3125 567 3194 id
590 3139 657 3212 est,
682 3128 822 3218 politiae
839 3129 1044 3204 mediocres,
1095 3128 1149 3201 De
1165 3156 1274 3226 quae.
1321 3122 1391 3193 tiva
1405 3125 1511 3194 estin
1528 3127 1684 3198 subiecto
1703 3125 1872 3199 existente
1888 3128 2068 3218 corruptio
2085 3141 2120 3198 et
2135 3131 2315 3200 confusio:

283 3227 399 3300 stione
418 3241 479 3297 tna
501 3227 657 3299 breviter
675 3229 743 3298 tibi
764 3233 974 3322 respondeo.
1029 3229 1157 3318 Recte,
1188 3257 1274 3326 pro-
1321 3241 1360 3297 ut
1373 3225 1481 3296 ruina
1495 3227 1689 3301 domus-est
1702 3228 1862 3301 confusio
1877 3226 1975 3296 illius
1985 3229 2141 3300 ordinati
2152 3231 2317 3306 aedificii.

228 3343 235 3353 ‘
282 3329 361 3421 prie
386 3351 425 3398 ac
449 3323 577 3424 bene¹)
602 3329 751 3412 dieitur,
789 3325 982 3402 Peccatum
1011 3331 1169 3427 originis
1199 3357 1273 3404 esse
1320 3325 1459 3396 Deinde
1481 3352 1606 3398 verum
1626 3344 1694 3419 est,
1732 3343 1814 3421 post
1834 3327 2069 3422 privationem
2093 3330 2183 3402 lucis
2204 3345 2240 3402 et
2256 3334 2315 3402 in-

282 3423 533 3500 Privationcm
555 3429 738 3518 iustitiae,
772 3457 885 3531 quam
906 3429 1014 3505 Deus
1040 3429 1179 3506 indidit
1204 3430 1273 3506 ho·
1321 3428 1434 3499 stitiae
1462 3430 1561 3524 sequi
1587 3433 1719 3505 multos
1741 3445 1900 3502 errantes
1922 3445 2038 3504 motus
2060 3445 2097 3502 et
2122 3427 2317 3530 lurorer‘),

284 3529 381 3602 mini
394 3529 434 3600 in
450 3529 640 3618 creatione,
661 3527 711 3603 Et
726 3533 890 3630 στέρησις
901 3531 960 3606 hic
975 3538 1158 3627 significat,
1176 3541 1273 3632 quod
1320 3543 1360 3600 ut
1373 3553 1494 3600 aversa
1508 3532 1673 3604 voluntas
1692 3528 1819 3618 aDco,
1849 3533 1950 3603 ardet
1972 3557 2090 3604 amore
2113 3535 2171 3604 sui
2192 3549 2228 3652 et
2250 3559 2319 3606 vo-

283 3633 411 3705 usitate
432 3631 636 3704 Dialecticis
657 3635 850 3725 significare
874 3638 982 3723 solet,
1020 3653 1160 3710 utrum
1183 3640 1274 3709 dici·
1321 3632 1496 3722 luptatum
1518 3634 1691 3705 malarum
1716 3633 1793 3704 sine
1811 3631 1908 3720 Deo,
1945 3657 2044 3704 mens
2068 3659 2169 3706 caeca
2190 3659 2319 3727 ignara

283 3757 382 3821 mus,
413 3735 574 3807 tenebras
594 3757 668 3804 esse
682 3736 918 3826 privationem
935 3739 1040 3824 lucis,
1072 3755 1133 3811 aut
1148 3741 1275 3811 confu—
1320 3731 1389 3803 Dei
1409 3733 1503 3804 ludii
1523 3735 1755 3827 opinionibus
1775 3735 1820 3806 tle
1839 3733 1934 3820 Deo,
1966 3736 2057 3808 nlius
2077 3736 2177 3807 aliud
2203 3739 2319 3828 fingit,

283 3837 419 3907 sionem
438 3837 675 3928 privationem
697 3838 844 3909 ordinis.
902 3837 1019 3910 Multa
1041 3853 1157 3910 autem
1177 3865 1275 3912 com.
1322 3847 1362 3904 ut
1377 3836 1568 3907 ostendunt
1583 3832 1848 3931 ιιδωιομανίαι
1864 3837 2025 3908 οιιιιιίιιιιι
2041 3839 2214 3928 gentium.
2263 3837 2319 3912 lta

283 3938 451 4031 plectitur
471 3938 661 4031 appellatio
678 3933 855 4026 Iustitiae,
887 3941 1062 4012 illustrem
1082 3943 1274 4012 ethrinam
1321 3948 1401 4028 post
1416 3935 1650 4027 privationem
1665 3951 1863 4036 sequuntur
1876 3937 2045 4031 positiva,
2073 3953 2114 4011 ut
2131 3940 2240 4030 vulgo
2261 3941 2319 4012 lo-

283 4037 353 4110 Dei
366 4039 551 4122 notitiam,
592 4063 748 4110 amorem
771 4039 841 4112 Dei
864 4057 898 4114 et
919 4039 1156 4116 obedientiam
1178 4045 1274 4115 iuxta
1322 4049 1501 4130 (luuntur.
1533 4053 1567 4110 θι
1590 4037 1708 4136 lillis)
1732 4041 1938 4112 desormiltt⁸
1958 4042 2016 4111 vel
2036 4035 2170 4123 ἀταξία
2190 4043 2231 4112 in
2252 4042 2318 4114 illo

284 4153 394 4213 totam
426 4140 550 4231 legem.
625 4139 765 4212 Harum
797 4140 1119 4236 pulcherrimarum
1156 4168 1275 4218 rerum
1323 4139 1399 4230 ipso
1418 4139 1587 4230 positivo,
1619 4145 1725 4214 etiam
1748 4155 1800 4214 est
1821 4137 1997 4238 στὲρησις·
2049 4141 2237 4260 Quantum
2252 4167 2317 4236 ego

285 4241 426 4312 amissio
444 4265 519 4312 non
535 4255 586 4312 est
601 4243 767 4334 exigcmm
779 4244 876 4328 †aut
893 4245 992 4316 leve''
1007 4247 1154 4320 malum.
1202 4243 1276 4317 Co·
1322 4240 1442 4310 videre
1458 4264 1617 4340 possum,
1649 4241 1736 4317 hacc
1751 4244 1935 4336 perspicue
1949 4257 1984 4315 et
2002 4243 2125 4314 dextre
2145 4245 2318 4316 dicuntur

284 4343 357 4434 gite
372 4347 683 4437 quantumdecns,
704 4357 926 4438 etquantnm
942 4346 1284 4436 bonnmfueritluxp
1323 4357 1357 4412 et
1371 4337 1463 4411 nihil
1480 4339 1613 4416 habent
1626 4345 1872 4432 absurditatis,
1907 4358 2320 4434 etsuntgermanasen-

284 4445 400 4516 illain
415 4457 551 4530 mente,
575 4446 675 4516 firma
691 4448 735 4516 de
750 4445 827 4518 Deo
844 4449 988 4534 notitia,
1013 4473 1078 4540 pro
1093 4473 1163 4544 qua
1179 4469 1275 4518 nunc
1322 4444 1432 4515 tentia
1446 4445 1627 4518 doctrinae
1642 4441 1877 4542 Propheticae
1890 4460 1926 4518 et
1939 4441 2179 4537 Apostolicae.
2224 4445 2319 4520 For·

284 4541 433 4616 haerent
455 4548 495 4616 in
517 4560 634 4618 mente
656 4549 842 4634 tenebrae,
870 4552 1043 4639 neglectio
1058 4548 1142 4636 Dei,
1167 4551 1275 4621 dubi·
1322 4547 1421 4615 lassis
1437 4560 1586 4618 naturae
1601 4549 1832 4622 cavillatrices
1846 4549 1958 4620 multa
1974 4547 2176 4633 inveniunt,
2189 4545 2318 4646 (μεθ’)

283 4649 434 4719 tationes
443 4643 473 4744 ²)
495 4649 540 4719 de
560 4650 802 4742 providentia,
833 4653 987 4745 denique
1009 4675 1135 4741 magna
1151 4653 1275 4743 caligo.
1320 4661 1443 4739 argute
1473 4649 1627 4721 obiicere
1657 4666 1824 4746 possunt:
1863 4651 1926 4722 sed
1953 4648 2122 4744 explicari
2149 4651 2319 4744 aperitis

284 4745 335 4822 Et
355 4751 457 4820 firma
480 4751 663 4822 conversio
685 4751 879 4825 voluntatis
901 4756 945 4822 ad
970 4751 1105 4839 Deum,
1143 4753 1276 4824 scilicet
1711 4765 1714 4773 '

285 4875 387 4922 amor
405 4848 491 4935 Dei,
529 4851 638 4923 timor
658 4877 781 4940 venrs,
813 4853 942 4924 fiducia
966 4857 1112 4940 ardens,
1142 4870 1273 4949 quanta

283 4953 381 5024 bona
396 4953 518 5024 erant?
567 4951 671 5028 Nunc
691 4979 756 5048 pro
778 4955 906 5027 timore
927 4957 1018 5028 inest
1040 4958 1168 5029 animis
1189 4981 1275 5052 pro-
1355 4980 1489 5050 atcott.
1505 4993 1622 5044 natura.

1355 5066 1384 5132 4)
1404 5066 1478 5122 llaec
1488 5067 1563 5122 addit
1575 5069 1639 5126 cod.
1653 5065 1749 5126 Mehn.

288 5167 513 5194 —-—-···
1356 5151 1482 5279 mm.
1496 5151 1579 5226 impr.
1598 5158 1684 5228 traca,
1708 5152 1783 5228 quod
1805 5151 1887 5212 codd.
1909 5149 2238 5228 insenescentem,
2259 5173 2322 5214 ιιοιι

319 5320 350 5392 1)
367 5317 455 5375 codd.
467 5334 501 5373 aa
513 5319 595 5384 benep
612 5317 695 5372 Penc.
710 5325 736 5370 et
749 5277 812 5375 cod.
825 5316 918 5374 Mcbn.
932 5327 960 5373 et
972 5337 1046 5377 vere.
1356 5306 1387 5372 ⁶)
1405 5305 1451 5360 Sit·
1464 5306 1527 5364 ⁰⁰¹¹·
1541 5307 1637 5370 Meltn.
1650 5319 1677 5365 ct
1689 5306 1751 5364 cod.
1766 5307 1831 5362 Bar.
1850 5335 1888 5350 -
1921 5303 1996 5360 Text.
2010 5303 2083 5375 vulg.
2099 5319 2233 5366 met-¹

316 5403 347 5474 ί)
364 5402 448 5458 Pane.
467 5409 494 5454 et
512 5399 574 5456 cod.
586 5399 681 5458 Mebn.
693 5401 897 5470 dubitabitne&
921 5401 984 5458 cod.
998 5399 1081 5458 Goth.
1092 5399 1153 5458 26³.
1170 5409 1199 5458 et
1212 5401 1274 5460 cod.
1355 5389 1385 5458 7)
1404 5389 1492 5448 codd·
1507 5395 1590 5458 miti
1606 5400 1668 5450 ¹⁶¹¹·
1682 5393 1764 5461 lmt’¹'·
1779 5399 1805 5446 ⁸²
1817 5389 1882 5488 ⁶⁰}l·
1899 5386 1994 5444 Mdffl·
2005 5395 2116 5493 mimi

350 5472 416 5529 Bar.
433 5469 581 5528 duddctio.
1358 5473 1387 5544 8)
1404 5477 1553 5532 inueniunt
1564 5493 1638 5552 quac
1648 5492 1706 5568 oon
1718 5477 1846 5552 leguntur
1857 5489 1887 5532 ιιι
1902 5471 1984 5534 codd·

1321 4852 1529 4870 Ἄ
