4890 6250
668 309 937 394 nunnius
972 311 1159 396 vluna
1188 312 1326 394 Mlti..
1374 311 1506 398 1618.
1559 314 1690 398 tots.

32 498 35 511 '
157 431 239 596 ”5⁸
286 489 520 560 Francoiorsliae
544 498 631 562 mem
651 493 810 564 Pastorum
835 498 873 564 de
898 517 979 562 sacra
1004 515 1098 590 oopus
1123 507 1154 564 et
1179 501 1357 565 ceremoniis
1383 499 1566 585 quibusdem
1592 507 1758 587 componit.

197 635 231 698 9.
285 623 341 690 Est
364 624 524 692 Erfurdiae
550 642 581 693 et
604 643 729 694 vocatur
754 629 952 698 Wimariam.

177 769 230 832 10.
283 757 339 824 Est
352 759 526 825 Wimariae
550 767 583 826 in
609 768 687 828 aula.

175 899 231 968 16.
283 891 421 958 Domum
446 902 540 962 venit.

181 1037 237 1103 17.
282 1027 448 1095 Theodoro
475 1036 578 1098 scribit
605 1054 682 1118 quae
704 1046 769 1095 sota
793 1032 908 1095 iirerim
931 1029 1071 1096 Bonnae.

281 1162 407 1229 Bellum
432 1171 511 1230 inter
537 1164 692 1231 Caesarem
714 1179 744 1229 et
767 1164 886 1230 Ducem
913 1164 1094 1230 Cliveusem.

181 1303 234 1376 24.
282 1296 369 1362 Dura
393 1305 426 1362 ri
451 1297 568 1386 cupitur
594 1325 611 1365 a
636 1305 788 1366 militibus
813 1299 958 1366 Caesaris.

162 1405 240 1490 Sept.

197 1518 230 1578 8·
282 1514 357 1580 Mel.
385 1521 537 1600 praefatur
561 1525 594 1581 in
620 1521 749 1584 librum:
779 1517 1000 1600 „Reiorrnctio
1025 1513 1177 1581 Ecclesiae
1205 1513 1414 1583 Coronensis”
1440 1535 1496 1584 etc.

199 1647 233 1710 6·
283 1649 447 1714 Decorus
472 1674 552 1717 sacra
578 1658 681 1718 scribit
706 1655 743 1718 ad
768 1652 978 1718 Theodorum.

200 1783 233 1844 7·
284 1785 349 1850 Pax
374 1791 452 1850 inter
478 1785 633 1852 Gaesarem
660 1802 691 1853 et
714 1787 834 1854 Ducem
860 1785 989 1852 clivens.

178 1918 233 1981 1⁰·
283 1919 359 1985 Mel.
386 1920 563 1986 Bernhardo
588 1922 749 2006 Zieglero,
774 1924 921 2006 theologo
947 1917 1055 2002 Lips,
1082 1919 1185 1981 scribit
1211 1918 1379 1982 orationem
1405 1923 1438 1981 in
1463 1926 1657 2002 promotione
1683 1927 1849 2008 legendam.

167 2013 233 2080 Oet.

200 2121 232 2186 8·
284 2123 363 2187 vno
389 2121 417 2186 T
420 2123 553 2187 beodoro
576 2128 754 2187 sententiam
776 2143 863 2186 suom
889 2124 991 2184 scribit
1015 2120 1053 2182 de
1078 2121 1276 2202 impositione
1301 2143 1448 2190 manuum
1473 2127 1561 2190 etde
1587 2132 1912 2194 excommunicamus.

179 2257 233 2319 22.
284 2257 379 2320 Vitus
404 2255 626 2322 Amerbachius
650 2257 847 2341 Wltebergae
871 2260 940 2319 lites
965 2267 1066 2318 movet
1089 2255 1228 2316 adversus
1250 2251 1478 2322 Melanthonem
1498 2266 1531 2326 iu
1557 2263 1692 2326 doctriua
1719 2265 1756 2326 de
1782 2266 1891 2328 anima.

179 2389 234 2456 26-
284 2391 391 2456 Monet
412 2391 612 2457 Theodorum
635 2415 674 2454 ne
699 2392 840 2455 accendet
866 2392 1100 2454 controversiam
1126 2387 1164 2449 de
1190 2412 1283 2452 coena
1308 2413 1399 2456 sacra.

165 2483 240 2550 Nor.

201 2591 234 2657 1.
284 2595 404 2662 Bueerc
428 2599 531 2660 scribit
555 2597 592 2659 de
617 2601 692 2658 riais
714 2571 929 2676 theologorum
956 2595 993 2655 de
1018 2612 1113 2656 coena
1134 2617 1177 2672 s.,
1204 2606 1234 2656 et
1258 2594 1296 2656 ds
1321 2591 1497 2680 Principum
1522 2603 1690 2662 temeritate
1715 2615 1745 2664 et
1770 2605 1897 2664 incuria.

284 2731 426 2797 Mandata
448 2732 538 2794 babet
563 2753 580 2793 a
605 2727 693 2794 Duce
716 2726 877 2809 Prussiae,
902 2741 937 2790 ut
962 2728 1099 2790 doctores
1127 2732 1227 2792 mittat
1252 2736 1286 2792 in
1309 2729 1407 2795 Amet.
1436 2727 1632 2816 Regiomcnt.

203 2867 234 2930 7.
286 2865 482 2932 Recuduntur
507 2863 583 2929 illel.
609 2878 770 2928 erotemata
793 2863 971 2926 dialectices.

181 3003 235 3065 ta.
285 3000 483 3065 Enarraturus
508 3014 554 3063 est
573 3003 642 3064 libr.
663 2998 707 3062 V.
732 2997 914 3064 Etbiccrum
937 2995 1111 3062 Aristotelis
1132 2999 1169 3062 de
1184 3003 1316 3062 iustitia.

181 3139 234 3200 19.
283 3135 463 3201 Mandatum
485 3137 594 3218 accipit
614 3156 633 3196 a
657 3131 707 3200 Pr.
735 3131 893 3214 Electore,
919 3145 954 3195 ut
978 3147 1061 3216 paret
1083 3155 1115 3195 se
1140 3133 1178 3195 ad
1202 3139 1261 3198 iter
1286 3131 1406 3220 Spiram
1432 3137 1605 3202 i'aoisrsrlum
1630 3141 1668 3202 ad
1692 3151 1886 3204 conuentum.

284 3269 376 3334 Vitus
403 3268 625 3332 Amerbabhius
649 3266 830 3350 Witebergs
856 3267 981 3330 discedit
1005 3272 1037 3328 ln
1064 3265 1232 3330 Bovarium.

23 3451 24 3459 κ
180 3413 235 3474 29.
285 3403 358 3469 liet.
386 3409 521 3490 queritur
543 3403 581 3465 de
607 3404 742 3465 moribus
765 3399 889 3480 Sabini,
915 3405 1017 3482 generi
1040 3407 1098 3461 sui.

153 3504 246 3681 neith..
286 3605 442 3691 Scriptum
466 3603 543 3670 lllel.
570 3610 774 3688 germanicum
797 3607 834 3666 de
859 3606 1032 3666 discrimine
1058 3601 1130 3666 Vct.
1157 3614 1188 3663 et
1211 3599 1293 3666 Nori
1319 3601 1403 3666 Teet.
1431 3559 1543 3688 prodit.

181 3753 236 3815 10.
286 3742 413 3810 Carolus
439 3737 519 3826 Imp.
545 3744 653 3803 invitat
673 3737 792 3801 Ducem
815 3734 890 3805 Sex.
915 3735 1012 3800 Elect.
1038 3751 1069 3800 et
1092 3733 1319 3819 Landgrseium
1345 3741 1486 3818 Hostiae,
1513 3753 1546 3803 ut
1574 3743 1632 3822 ipsi
1660 3741 1780 3802 reniam
1808 3744 1839 3800 iu
1866 3750 2048 3803 consecratum
2071 3739 2199 3826 Spiren-

337 3868 401 3912 sem
417 3846 449 3910 d.
472 3852 526 3914 10.
547 3839 613 3908 len.
629 3841 735 3912 1544.
754 3841 936 3904 habendum.

182 3991 238 4056 25.
286 3981 383 4046 Mittit
400 3978 565 4043 Theodoro
588 3978 806 4060 praelationem
830 3967 864 4038 iu
891 3973 1022 4039 Lutberi
1048 3971 1265 4038 contritionem
1291 3980 1382 4059 primi
1408 3975 1502 4038 lllosis
1529 3978 1609 4038 iibri.

288 4117 356 4180 lico
382 4137 461 4178 anno
487 4117 635 4176 enarravit
659 4115 692 4172 in
716 4110 819 4172 schola
845 4109 973 4172 Homeri
995 4113 1136 4172 carmina.

286 4249 392 4316 Edidit
416 4252 515 4312 denuo
541 4245 756 4310 catechismum
779 4247 937 4326 puerilem.

1082 4574 1239 4654 suro
1276 4576 1411 4696 msc.

180 4711 238 4887 1⁸?
286 4805 362 4870 blei
389 4802 530 4888 Lipsiam
556 4806 764 4886 proficiscitur.

207 4957 238 5020 a.
288 4939 362 5006 Met.
388 4955 417 5002 et
445 4939 617 5002 loachimus
643 4935 829 5002 Camerarius
855 4938 1067 5000 commendent
1091 4935 1258 5020 Georgium
1284 4937 1432 5002 Sabinum
1458 4936 1586 5002 Albertc
1613 4934 1694 4998 Duci
1719 4933 1863 5000 l'russiee.

169 5091 245 5173 ⁷¹¹1·
290 5073 473 5158 Philippus,
500 5069 707 5138 Melmtlrouis
732 5075 833 5150 ilius,
859 5073 1045 5134 claudestina
1069 5075 1220 5156 sponsalia
1245 5074 1336 5136 babet
1362 5041 1432 5136 cum
1455 5077 1559 5158 puella
1581 5069 1772 5154 Margaretba
1795 5066 1938 5132 liiiffuer.

187 5225 238 5290 16,
290 5205 365 5274 illel.
390 5211 487 5271 mittit
517 5213 687 5271 orationem
713 5207 750 5268 de
775 5203 951 5270 Aristotele.

187 5359 239 5424 13,
292 5341 430 5424 Thomas
453 5339 653 5426 Naugeorgus
679 5345 764 5404 litem
790 5353 895 5404 moret
917 5341 1057 5405 adsersus
1081 5339 1155 5407 Mel.

295 5477 371 5542 Mel.
398 5477 546 5562 praelatio
572 5480 607 5539 iu
632 5478 883 5540 commentarium
903 5471 1036 5538 Lutberi
1061 5479 1095 5538 in
1120 5481 1253 5561 primum
1278 5475 1391 5540 librum
1416 5470 1513 5537 liceis
1537 5475 1673 5536 absolute
1695 5485 1748 5537 est.
1798 5475 1872 5538 coll.
1898 5492 1947 5554 ep.
1967 5469 1998 5531 d.
2015 5469 2046 5535 d·
2071 5467 2103 5536 1.
2122 5466 2207 5532 Febr.

1448 5561 1502 5639 b!
