4864 6244
110 371 185 450 825

119 543 190 618 No.
208 541 320 617 3242.

114 641 328 678 NON

448 707 777 795 Testimonium.

689 359 1131 442 EPlSTOLARUM
1180 358 1289 438 ΜΒ.
1315 357 1381 440 IX.
1433 355 1567 438 sats.

957 541 992 609 4.
1007 538 1092 622 Aug.
1156 557 1213 605 res
1227 533 1409 627 inspiciat,
1430 545 1466 604 et
1480 529 1684 601 meminerit
1705 529 1775 602 sibi
1790 553 1932 625 quoqne
1946 524 2103 620 praecipi
2126 548 2148 594 a

933 629 1106 660 Μ
1134 636 1230 707 ,filio
1245 633 1332 706 Deis
1364 631 1419 702 Et
1443 641 1482 702 tu
1504 655 1693 705 conversus
1709 627 1883 724 confirma
1892 629 2039 730 scotres
2053 634 2146 699 taos.

1156 735 1297 808 Etcum
1314 735 1408 808 lilius
1422 733 1490 805 Dei
1505 737 1623 806 sedeat
1639 737 1683 804 ad
1699 737 1857 805 dextram
1874 731 2008 802 aeterni
2023 727 2147 822 patris,

2070 351 2146 427 826

178 849 441 907 Editumsl’erelio
458 850 486 905 in
499 851 568 906 Mel.
583 849 688 906 Consil.
702 849 747 906 lat.
760 847 793 904 Ρ.
808 849 828 904 l.
840 867 868 921 p.
883 848 944 906 651.
964 856 991 903 et
1005 848 1105 902 iterum
1156 853 1199 910 ut
1219 839 1265 909 sit
1290 839 1410 910 efficax
1430 832 1577 930 perhoc
1592 836 1848 916 ministerium,
1875 843 2081 928 precamur,
2105 843 2147 901 ut

210 920 241 974 iu
260 919 380 1003 Sebittrii
402 919 523 993 epistulis
539 919 686 1002 Lutberil.
698 938 726 992 p·
740 918 802 974 859.
818 946 854 1001 .-
890 921 914 974 A
930 916 1106 971 Melantbone

159 1021 162 1028 ι
213 990 541 1129 {ffssiiiiiiiuegissmffed
560 989 781 1061 subscripserunt
794 997 874 1042 elram
889 985 1039 1056 Lutberus,
1058 985 1106 1040 lo·

109 1213 381 1289 Testimonium
405 1208 656 1286 ordinationis
678 1205 934 1288 Reverendiss.
956 1220 988 1283 et
1003 1209 1106 1282 Illu-

108 1319 231 1394 striss.
241 1310 527 1414 PrincipisGeo
537 1337 590 1408 rg
599 1313 638 1382 ii
648 1309 715 1384 An
724 1307 750 1382 it
759 1339 784 1382 a
793 1311 908 1384 itini
921 1314 1107 1411 seriptum,

110 1435 214 1493 anno
233 1416 342 1494 1545.
363 1443 387 1487 a
404 1411 547 1512 Philip.
564 1409 759 1491 Melanch.
780 1415 926 1486 nomine
943 1415 1105 1487 omnium

214 1519 255 1590 in
271 1515 451 1590 Ecclesiis
467 1515 596 1588 vicinis
608 1511 1006 1614 Superintendentium.

110 1637 264 1726 Gratias
288 1653 425 1742 agimus
441 1648 538 1731 Deo,
564 1663 706 1721 aeterno
731 1651 844 1742 patri,
867 1649 1016 1720 Domini
1039 1675 1107 1719 no-

111 1759 177 1829 stri
202 1755 280 1826 lesu
299 1750 452 1836 Christi,
478 1753 573 1846 quod
597 1751 768 1822 immensa
791 1753 968 1838 bonitate,
994 1766 1029 1823 et
1048 1760 1107 1822 in-

109 1858 230 1930 stituit
253 1857 337 1924 inde
359 1877 470 1946 usque
493 1877 512 1922 a
534 1852 738 1924 conditione
757 1868 792 1924 et
806 1855 1029 1926 restitutione
1046 1877 1107 1946 ge-

110 1959 211 2030 neris
226 1953 395 2039 humani,
420 1969 455 2026 et
470 1969 585 2024 servat
599 1955 766 2025 omnibus
781 1956 907 2026 seculis
926 1979 1037 2049 usque
1060 1957 1103 2026 ad

106 2059 407 2131 resurrectionem
424 2069 666 2142 mortuorum,
689 2057 927 2129 ministerium
942 2055 1106 2146 Evange-

108 2163 174 2244 lii,
195 2173 229 2230 et
255 2159 382 2230 excitat
404 2159 557 2228 subinde
582 2160 730 2229 idoneos
748 2157 918 2230 Doctores
938 2182 981 2232 ac
1002 2183 1105 2227 man-

110 2265 194 2334 data
214 2261 312 2331 dedit
329 2257 507 2330 Ecclesiae
529 2281 632 2344 suae,
657 2273 698 2330 ut
713 2274 813 2331 vocet
835 2262 982 2331 idoneos
997 2257 1105 2328 mini-

109 2376 223 2448 stros,
255 2376 291 2436 et
312 2361 489 2454 promittit
509 2383 546 2428 se
568 2383 632 2451 per
654 2385 775 2430 eorum
793 2386 916 2432 vocem
938 2364 1105 2432 daturum

107 2465 356 2538 remissionem
379 2475 621 2552 peccatorum,
648 2460 821 2554 Spiritum
847 2477 1028 2544 sanctum,
1050 2463 1105 2531 vi-

108 2584 205 2652 tam,
229 2578 265 2636 et
291 2564 460 2635 iustitiam
484 2577 683 2647 aeternam,
714 2576 749 2633 et
769 2588 910 2634 oramus
935 2589 1035 2650 eram,
1065 2577 1105 2634 ut

107 2673 227 2742 lucem
242 2665 429 2754 Evangelii
451 2663 507 2732 sui
530 2687 604 2732 non
618 2663 712 2733 sinat
725 2665 900 2755 extingui,
925 2668 984 2735 sed
1006 2689 1105 2735 nunc

107 2793 255 2866 quoque
278 2769 402 2838 excitet
425 2789 534 2858 purae
557 2778 591 2835 et
611 2765 774 2836 salutaris
788 2769 969 2838 doctrinae
984 2763 1105 2836 Evau-

106 2874 196 2965 gelii
213 2883 492 2964 propugnatores
514 2877 550 2937 et
569 2867 689 2936 fideles
704 2871 884 2952 custodes,
911 2883 946 2941 et
964 2870 1106 2959 colligat

107 2976 190 3046 sibi·
206 2974 309 3045 etiam
335 2993 431 3039 nasac
460 2969 499 3036 iu
531 2962 588 3037 bis
611 2968 816 3058 regionibus
837 2969 1052 3057 Ecclesiam,
1084 2995 1104 3040 a

106 3101 181 3172 qua
207 3073 364 3144 inomni
387 3071 593 3141 aeternitate
618 3071 825 3146 celebretur.
875 3071 966 3144 Cum
987 3087 1104 3144 autem

104 3182 154 3252 ad
173 3174 241 3247 hoc
258 3173 496 3245 ministerium
507 3169 692 3262 Evangelii
703 3171 950 3250 Reverendiss.
964 3187 999 3244 et
1016 3172 1104 3244 lllu-

104 3281 219 3352 striss.
250 3277 420 3366 Princeps
441 3273 618 3352 Dominus
644 3272 840 3365 Georgius,
871 3275 1043 3365 Princeps
1066 3275 1104 3344 in

104 3376 266 3466 Anhalt,
290 3377 419 3450 Comes
443 3374 636 3459 Ascaniae,
670 3390 704 3446 et
727 3375 904 3446 Dominus
928 3378 967 3446 in
990 3375 1103 3446 Bern-

103 3488 204 3572 burg
228 3495 292 3552 etc.
322 3477 542 3570 praepositus
570 3475 751 3546 Ecclesiae
775 3475 1104 3568 Magdebnrgensis,

102 3589 179 3657 rite
200 3605 239 3652 ac
262 3581 320 3670 pie
341 3591 485 3647 vocatus
508 3575 630 3647 luisset
652 3579 931 3650 adiunctionem
946 3579 1104 3650 muneris

101 3681 349 3757 Ecclesiastici
369 3679 606 3748 adiuvandam
628 3679 667 3746 in
689 3675 905 3774 Episcopatu
919 3681 1105 3774 Merspur·

101 3783 231 3878 gensi,
256 3781 413 3852 accersiti
431 3793 515 3850 sunt
529 3781 640 3849 veteri
654 3783 849 3872 primarum
864 3781 1103 3854 Ecclesiarum

99 3909 228 3969 more,
253 3885 321 3954 viri
345 3881 440 3952 docti
467 3895 502 3952 et
522 3903 662 3970 graves,
690 3884 751 3976 qui
772 3885 906 3954 vicinas
929 3881 1104 3954 Ecclesias

99 3989 328 4081 gubernant,
353 4007 505 4078 quorum
522 3984 641 4053 omnia
661 3983 753 4054 inira
773 3987 922 4080 ascripta
940 4001 1042 4068 sunt,
1063 4000 1104 4057 nt

100 4095 146 4163 in
167 4089 242 4180 ipsa
258 4085 415 4158 Ecclesia
433 4084 698 4176 Merspurgensi
713 4089 757 4156 ad
774 4077 865 4158 hanc
882 4089 1101 4158 vocationem

99 4193 301 4266 adderetur
346 4186 531 4281 publicum
571 4187 814 4258 testimonium
856 4191 1102 4260 ordinationis.

97 4296 183 4368 Nos
205 4291 313 4382 igitur
328 4287 531 4373 convocati,
557 4289 641 4380 quia
655 4303 750 4361 certo
765 4290 980 4376 sciebamus,
1006 4286 1102 4362 huuc

98 4395 290 4470 lllustriss.
319 4389 522 4482 Principem
549 4387 743 4478 Georgium
772 4405 865 4462 recte
892 4393 1102 4482 intelligere,

98 4515 137 4570 et
176 4507 379 4566 constanter
412 4489 575 4583 amplecti
604 4516 729 4583 puram
753 4489 941 4584 Evangelii
966 4494 1102 4565 doctri-

97 4623 211 4682 nam,
238 4619 345 4691 quam
367 4592 546 4665 Ecclesiae
569 4585 696 4664 barum
713 4596 898 4684 regionum
914 4621 986 4667 una
1004 4620 1100 4676 voce,

96 4717 136 4775 et
152 4724 231 4772 uno
245 4697 372 4788 spiritu
388 4720 467 4767 cum
490 4689 661 4766 catholica
677 4690 833 4768 Ecclesia
847 4695 915 4768 Dei
931 4699 1100 4790 proliten-

96 4819 189 4888 tur,
217 4813 250 4872 et
267 4799 431 4870 eximiam
447 4798 522 4867 eius
542 4820 614 4868 esse
628 4799 795 4870 virtutem
811 4813 846 4870 et
861 4801 1099 4870 sanctitatem:

95 4902 372 4978 Testimonium
388 4893 550 4970 nostrum
565 4902 608 4969 de
624 4924 683 4982 eo,
707 4899 779 4970 ritu
795 4897 1012 4991 Apostolico,
1033 4901 1100 4969 iru-

95 5003 286 5101 positione
304 5001 496 5086 manuum,
509 5001 776 5074 declaravimus.
827 5000 990 5097 Cumque
1005 5003 1100 5073 Pau-

94 5112 159 5182 lus
177 5105 265 5176 Tito
286 5103 520 5196 praeceperit,
550 5118 592 5174 ut
611 5103 832 5198 presbyteros
855 5106 900 5173 ad
923 5105 1099 5175 docendas

94 5227 134 5284 et
152 5207 406 5300 gubernandas
415 5201 589 5273 Ecclesias
603 5205 732 5295 possim
746 5205 991 5289 constitueret,
1012 5207 1099 5276 sciat

94 5311 162 5386 hic
188 5308 375 5380 ordinatus
391 5329 474 5376 voce
487 5302 690 5396 Apostoliea
713 5307 781 5378 sibi
799 5307 952 5398 praecipi
968 5308 1007 5375 in
1031 5302 1097 5377 bac

92 5411 308 5491 iunctione,
339 5421 379 5476 ut
400 5407 595 5476 sacerdotes
623 5411 667 5478 ad
688 5411 883 5492 docendas,
916 5423 950 5478 et
972 5431 1096 5496 regen-

91 5522 166 5591 das
184 5509 362 5584 Ecclesias
376 5509 536 5594 ordinet,
560 5523 731 5581 eteorum
747 5511 943 5583 doctrinam
964 5524 999 5581 et
1017 5527 1095 5579 ῐηο·

1158 941 1198 1010 in
1221 954 1294 1011 tota
1317 939 1574 1031 gubernatione
1594 952 1708 1028 regat,
1742 952 1778 1009 et
1797 938 1939 1008 adiuvet
1961 929 2058 1004 hunc
2085 954 2147 1001 or-

1158 1044 1340 1128 dinatum,
1379 1041 1469 1112 sicut
1489 1041 1653 1134 promisit
1681 1041 1864 1135 inquiens:
1908 1031 2060 1132 Siquis
2088 1025 2148 1102 di-

1160 1140 1245 1238 ligit
1261 1167 1331 1230 me,
1354 1164 1536 1214 sermones
1556 1164 1653 1212 meos
1673 1138 1851 1230 servabit,
1876 1146 1908 1208 et
1929 1145 2148 1235 pateranus

1160 1240 1290 1340 diliget
1319 1267 1417 1327 eum,
1455 1253 1486 1313 et
1514 1243 1694 1313 veniemus
1720 1236 1775 1312 ad
1799 1265 1896 1322 eum,
1930 1246 1962 1309 et
1983 1231 2150 1306 mansio-

1159 1371 1240 1417 nem
1271 1341 1376 1445 apud
1401 1365 1480 1416 euin
1498 1344 1696 1445 faciemus.
1762 1341 1811 1414 Et
1836 1359 1877 1413 ut
1907 1337 1976 1411 bac
1999 1363 2036 1410 se
2062 1361 2150 1408 cou-

1160 1450 1334 1521 solatione
1376 1461 1546 1520 sustentet
1583 1449 1767 1518 ordinatus
1812 1445 1904 1535 ipse,
1951 1437 2149 1512 hortamur.

1159 1547 1237 1621 Etsi
1260 1552 1355 1621 enim
1378 1550 1491 1620 multa
1511 1562 1545 1619 et
1572 1559 1806 1639 magnasunt
1829 1548 1869 1614 in
1892 1542 2149 1634 gubernatione

1159 1653 1336 1742 pericula,
1362 1677 1429 1722 nec
1448 1652 1521 1722 ulla
1543 1665 1595 1722 est
1617 1649 1789 1742 sapientia
1810 1645 1965 1718 humana
1985 1667 2051 1735 par
2070 1655 2150 1715 tan-

1160 1765 1196 1822 to
1223 1753 1343 1838 oneri,
1386 1768 1505 1825 tamen
1539 1753 1627 1823 sciat
1665 1750 1781 1822 Deum
1813 1772 1894 1818 vere
1926 1746 2065 1830 adesse,
2115 1747 2151 1816 'et

1159 1856 1197 1924 iu
1227 1851 1385 1926 Ecclesia
1414 1850 1595 1942 habitare,
1627 1855 1690 1924 ubi
1717 1875 1785 1922 vox
1812 1847 1999 1939 Evangelii
2031 1857 2150 1928 sonat,

1159 1979 1305 2049 eamque
1319 1956 1461 2026 delendi
1478 1970 1513 2027 et
1523 1957 1656 2032 servari
1672 1979 1692 2025 a
1706 1952 1794 2024 Deo.
1836 1949 1913 2022 Hac
1928 1948 2055 2020 fiducia
2074 1969 2151 2016 sus-

1159 2057 1336 2149 cipiendi,
1362 2071 1397 2128 et
1413 2058 1615 2149 perferendi
1631 2070 1716 2127 sunt
1731 2054 1822 2126 tanti
1838 2050 2030 2122 ministerii
2049 2049 2151 2120 labo·
2227 2067 2230 2074 ·

1158 2181 1223 2228 res.
1275 2158 1387 2230 Datae
1402 2158 1459 2226 die
1473 2159 1575 2228 tertia
1590 2153 1759 2248 Augusti,
1780 2151 1889 2227 Anno
1906 2149 2015 2228 1545.
2031 2153 2069 2222 in
2086 2173 2151 2242 op-

1157 2261 1242 2354 pido
1258 2258 1461 2350 Mersburg.

1690 2671 1727 2784 6.
1738 2712 1820 2799 Aug.
1835 2715 1892 2798 (h.
1910 2738 1936 2779 a.
1951 2729 1986 2780 ut
1999 2717 2152 2798 videtur.)
2233 2723 2237 2730 '

1684 2811 2143 2848 Nm

1512 2932 1572 3017 M.
1601 2913 1804 3048 Helingo.
1916 2983 1924 2990 ·
1984 2950 1990 2960 '

1256 3087 1341 3168 Epist.
1355 3093 1403 3150 lib.
1422 3095 1456 3153 V.
1474 3115 1500 3168 p.
1512 3095 1564 3152 883
1576 3117 1617 3168 sq.

1156 2711 1350 2840 Q.

1411 3245 1650 3320 Mauritio
1674 3247 1892 3346 Helioga.

1157 3367 1203 3458 S.
1227 3381 1272 3459 D.
1323 3380 1536 3454 Doctissime
1561 3379 1747 3465 Mauriti,
1779 3385 1965 3477 praecipua
1993 3408 2073 3476 pars
2099 3398 2151 3456 est

1158 3485 1335 3558 Ecclesiae
1352 3483 1439 3570 Dei,
1465 3507 1589 3575 agmen
1610 3481 1875 3572 scholasticum,
1901 3487 1969 3558 tale
1993 3511 2150 3578 praeser-

1158 3591 1242 3672 tim,
1268 3590 1362 3680 quod
1381 3589 1544 3658 nondum
1565 3588 1725 3674 licentia,
1750 3589 1892 3682 qualem
1913 3588 1982 3656 sibi
2003 3601 2149 3660 sumunt

1158 3689 1261 3762 multi
1288 3689 1495 3778 grandiores
1525 3704 1630 3775 natu,
1661 3703 1866 3783 corruptum
1897 3704 1958 3764 est.
2017 3687 2149 3778 Quare,

1157 3793 1220 3888 qni
1240 3793 1278 3862 in
1297 3787 1353 3860 his
1368 3786 1507 3863 Scholis
1523 3793 1671 3877 docent,
1694 3794 1888 3880 gaudeant,
1913 3816 1950 3861 se
1971 3792 2010 3860 in
2026 3794 2147 3864 statio-

1156 3921 1238 3965 nem
1261 3893 1355 3986 piam
1379 3893 1568 3964 collocatos
1592 3917 1666 3963 esse
1689 3895 1784 3963 inter
1799 3889 1954 3983 Angelos
1972 3891 2058 3974 Dei,
2085 3918 2146 3965 cu-

1157 3999 1274 4067 stodes
1292 3996 1399 4065 restri
1414 3994 1564 4085 agminis
1587 4008 1621 4066 et
1645 4008 1842 4066 vestrorum
1862 3995 2087 4081 nidulorum,
2113 4010 2148 4068 et

1157 4123 1255 4168 saram
1281 4097 1443 4188 Spartam
1470 4109 1608 4166 ornent.
1673 4091 1752 4166 Oro
1777 4097 1885 4169 etiam
1911 4093 2044 4167 Filium
2067 4093 2146 4182 Dei,

1155 4199 1351 4271 Dominum
1381 4211 1542 4268 nostrum
1567 4195 1683 4267 lesum
1706 4192 1911 4284 Christum,
1951 4199 2013 4292 qui
2037 4197 2143 4268 dixit:

1155 4301 1271 4374 Sinite
1285 4301 1453 4394 parvulos
1469 4299 1591 4370 venire
1614 4301 1659 4368 ad
1682 4323 1757 4386 me,
1780 4313 1820 4371 ut
1838 4314 1951 4372 servet
1965 4313 2001 4372 et
2015 4300 2144 4392 guber·

1154 4417 1214 4474 net
1232 4403 1349 4473 studia
1364 4401 1547 4472 doctrinae
1563 4401 1602 4470 in
1617 4395 1673 4470 his
1689 4402 1905 4492 regionibus.

1255 4590 1467 4695 Caspasum
1482 4589 1718 4692 Crueigerum
1742 4599 1807 4674 tibi
1824 4597 2053 4681 commendo,
2081 4595 2144 4688 qui

1153 4702 1297 4798 quidem
1313 4715 1408 4772 tuam
1426 4724 1506 4791 erga
1523 4725 1559 4770 se
1573 4700 1854 4772 benevolentiam
1869 4711 2028 4768 amanter
2042 4719 2143 4788 prae-

1153 4806 1257 4878 dicat.
1317 4800 1476 4875 Adducit
1503 4799 1748 4872 scholasticum
1771 4793 1984 4882 Francum,
2019 4800 2144 4868 ruode-

1152 4921 1245 4978 stum
1267 4905 1450 4993 iuvenem,
1482 4915 1515 4974 et
1529 4903 1724 4986 Musicum;
1752 4901 1821 4973 Sed
1845 4901 2002 4972 lortassis
2018 4923 2140 4970 vocem

1151 5009 1263 5098 magis
1279 5031 1444 5080 canoram
1466 5003 1635 5098 requires.
1683 5001 1761 5074 lloc
1783 5016 1941 5094 tempore
1964 5003 2044 5072 talis
2066 5024 2140 5072 non

1152 5123 1288 5202 poterat
1316 5107 1482 5180 inveniri.
1549 5105 1660 5197 Spero
1696 5118 1833 5184 tamen,
1867 5099 1963 5202 bpuc
1999 5108 2171 5198 quoque'

1150 5213 1251 5282 vobis
1276 5211 1355 5280 usui
1383 5210 1470 5281 iore.
1520 5202 1619 5276 Bene
1634 5206 1722 5277 vale.
1775 5205 1884 5276 Mitto
1898 5206 2003 5276 vobis
2019 5204 2140 5298 pagel-

1148 5315 1210 5386 las.
1259 5310 1328 5383 Die
1342 5305 1377 5386 6.
1392 5305 1555 5401 Augusti.

1649 5495 1838 5596 Philippus
1861 5493 2087 5574 Melanthea.
