4796 6258
48 302 130 380 849
631 299 1067 382 ΕΡΙὸΤΟΙιΑΗϋΜ
1116 302 1225 380 mn.
1255 303 1319 380 ΙΧ.
1372 303 1505 380 1644.
2015 299 2097 386 050

49 491 168 549 stmm
184 471 213 546 l.
229 469 272 551 G.
286 499 350 548 oro
367 489 402 547 ει
416 475 592 562 obtestor,
616 487 748 549 utnon
770 477 901 550 alienes
916 479 1048 549 volun·
1097 491 1133 551 et
1146 473 1346 572 prophetis,
1369 472 1458 548 baec
1471 477 1646 573 colloquia
1664 477 1754 551 lacta
1770 499 1843 550 esse
1861 490 1923 549 aut
1938 497 2002 570 per
2024 497 2091 548 an·

50 593 142 652 tates
157 576 358 650 vicinarum
379 577 581 666 civitatum,
606 593 667 652 aut
680 581 880 652 vicinorum
893 577 1044 651 Concio·
1097 581 1194 672 gelos
1211 593 1274 650 aut
1288 579 1408 674 aliqua
1423 579 1595 671 singulari
1612 580 1765 654 visione·
1817 577 1909 652 Nam
1926 578 1989 650 illa
2008 599 2091 652 ora-

49 695 235 755 natorum.
290 674 350 751 Ad
372 673 569 752 Brentr'am
599 684 734 769 scribo,
759 707 800 753 ac
826 706 908 768 oro,
932 695 975 752 nt
995 693 1048 751 ιε-
1097 684 1196 768 eula,
1222 705 1311 777 quae
1328 683 1490 754 solebant
1507 684 1565 752 edi
1577 685 1621 756 de
1633 684 1742 753 radiis
1758 681 1857 752 illius
1872 680 1982 766 lucis,
1999 702 2091 775 quae

50 807 132 856 cum
155 781 350 852 amicitiam
378 779 574 854 contrahat.
630 781 680 855 Et
700 809 763 855 vos
791 783 939 870 consilia
961 806 1049 853 con·
1097 785 1289 876 effulgebat
1319 785 1533 877 epectorali
1555 783 1776 870 Sacerdotis,
1808 783 1951 854 videtur
1981 782 2092 854 luisse

50 889 145 960 ferre
161 883 328 976 optarim.
376 882 431 955 De
445 883 765 958 Concionatoribus
778 901 914 958 vestrae
936 885 1049 969 urbis,
1096 901 1260 958 nontam
1283 881 1512 981 προφητικὴ,
1539 899 1580 958 ut
1598 886 1647 956 sic
1663 909 1800 970 vocem,
1820 880 1889 956 hoc
1910 897 1982 970 est,
2007 881 2091 977 qui·

54 987 213 1083 quiante
229 981 388 1082 teibi¹³)
405 989 624 1070 docuerunt,
647 989 696 1060 sic
713 987 848 1074 sentio,
873 1000 914 1058 ut
937 1007 1048 1081 equus
1097 989 1164 1060 bus
1184 988 1320 1082 aliquid
1343 1002 1535 1080 praeeunte
1552 986 1619 1058 Dei
1634 1012 1722 1060 voce
1734 987 1917 1080 iuberetur
1931 999 1992 1056 aut
2006 1007 2091 1076 per·

57 1091 259 1160 allatrantes
285 1111 389 1158 canes
414 1090 580 1180 praeterit
601 1091 744 1175 tacitus,
782 1083 892 1184 sic¹⁴)
917 1102 951 1159 te
972 1089 1047 1157 sine
1097 1087 1313 1175 mitteretur,
1345 1114 1470 1182 quam,
1498 1103 1540 1160 ut
1563 1091 1612 1161 sic
1629 1089 1763 1174 dicam,
1788 1081 2000 1184 ὑποφητικὰ
2027 1109 2089 1158 seu

60 1191 136 1262 ulla
153 1190 331 1260 mentione
347 1191 506 1275 illorum,
527 1193 603 1260 sine
618 1193 693 1262 ulla
709 1189 963 1282 significatione
976 1189 1048 1258 ira·
1097 1188 1291 1287 ἀμοιβαῖα,
1299 1216 1388 1284 quac
1405 1193 1628 1264 consulentes
1641 1205 1812 1286 tanquam
1826 1211 1991 1282 responsa
2005 1187 2092 1259 sub-

63 1292 225 1377 cundiae,
250 1305 353 1363 tuum
369 1316 510 1363 cursum
525 1315 650 1384 urgere
663 1295 802 1365 debere.
853 1291 977 1361 Vincit
990 1315 1048 1360 re·
1097 1307 1340 1389 sequerentur.

56 1393 302 1480 rumbonitas,
328 1417 408 1464 cum
424 1397 605 1465 moderate
622 1395 1048 1487 etdilucideproponun-
1197 1393 1253 1465 De
1275 1389 1563 1488 sanctificatione
1585 1395 1668 1468 satis
1699 1406 1845 1488 apparet
1882 1415 1924 1462 ex
1951 1383 2091 1486 Moyse,

54 1511 140 1579 tur,
166 1494 273 1566 etiam
294 1495 371 1568 sine
384 1496 495 1566 rixis:
522 1499 619 1592 quod
640 1498 679 1567 in
694 1497 817 1567 multis
830 1497 968 1585 magnis
994 1517 1050 1563 re·
1098 1497 1205 1568 luisse
1222 1499 1327 1569 illurn
1344 1497 1471 1584 ritum,
1496 1522 1567 1591 quo
1590 1499 1837 1570 sesecundum
1859 1495 1972 1584 legem
1987 1513 2092 1585 prae-

51 1597 120 1668 bus
140 1596 378 1668 animadverti
397 1597 489 1672 licet.
548 1597 651 1669 Hanc
667 1599 860 1670 Fabianam
875 1597 1050 1668 rationem
1099 1601 1274 1692 parabant
1296 1598 1524 1670 sacrificaturi
1547 1600 1696 1670 lavacris
1726 1612 1762 1669 ct
1784 1595 2020 1678 abstinentia,
2050 1605 2092 1663 ut

52 1713 87 1770 et
105 1693 220 1784 mibi,
244 1713 279 1770 et
298 1699 387 1785 tibi,
416 1712 451 1769 et
464 1701 638 1771 omnibus·
653 1693 767 1773 nobis
780 1700 996 1794 sequendam
1017 1709 1053 1766 et
1099 1701 1228 1771 mundi
1250 1713 1382 1785 essent,
1412 1695 1481 1772 boc
1506 1714 1575 1782 est,
1611 1714 1653 1772 ut
1670 1724 1735 1794 per
1755 1700 1866 1790 legem
1887 1696 1962 1766 illis
1981 1693 2090 1765 sacri-

51 1801 324 1872 custodiendam
341 1799 476 1874 ce'nseo.
529 1801 638 1872 Multi
652 1803 772 1894 magni
785 1803 914 1886 morbi,
932 1797 1052 1892 inquit
1100 1803 1202 1872 ficare
1218 1802 1360 1886 liceret,
1386 1817 1448 1874 aut
1463 1817 1555 1872 certe
1571 1804 1679 1874 sacris
1694 1803 1871 1872 interesse.

55 1891 203 1986 Celsos,
216 1917 386 1973 curantur
402 1903 614 1974 abstinentia
631 1906 809 1999 et‘quiete.
835 1903 922 1972 Vidi
938 1901 1050 1970 multa
1201 1901 1255 1973 De
1279 1900 1382 1973 malo
1394 1902 1530 2002 spiritu
1554 1929 1574 1976 a
1591 1903 1749 1976 Domino
1776 1901 1970 1992 exagitante
1990 1889 2094 1966 Sau-

53 2003 227 2094 exempla.
277 2002 362 2086 Ideo
381 2016 414 2077 te
439 2029 522 2088 oro,
547 2020 588 2077 ut
609 2007 829 2095 iracundiam
854 2006 988 2082 frenes,
1018 2014 1052 2071 ct
1101 2000 1170 2074 lem
1189 2006 1348 2077 existimo
1366 2007 1625 2097 simplicissime
1649 2021 1683 2076 et
1696 2029 1820 2075 verum
1843 2025 1916 2073 esse
1934 1996 2092 2086 intellegi

53 2107 201 2175 lenitate
224 2118 284 2175 tua
304 2107 588 2178 benevolentiam
607 2103 895 2194 Ecclesiaealas.
951 2101 1050 2172 Bene
1101 2108 1144 2176 de
1162 2131 1297 2198 poena,
1331 2101 1491 2189 horest,
1526 2106 1647 2178 aDeo
1672 2107 1844 2199 puniente
1866 2103 1975 2174 luisse
1998 2094 2093 2168 hanc

53 2209 134 2278 vale
148 2207 361 2282 etrescribe.
412 2207 489 2281 Cal.
506 2204 622 2299 April.
645 2205 810 2304 1544.¹⁵)
1101 2210 1321 2280 vexationem
1335 2209 1422 2278 mali
1435 2209 1600 2299 spiritus,
1624 2233 1690 2301 pro
1703 2221 1865 2299 peccato,
1897 2203 1981 2298 quia
2004 2200 2093 2292 ipse,

517 2307 708 2403 Philippus
726 2301 999 2380 Melancbthon.
1101 2310 1227 2403 spiritu
1240 2313 1335 2381 bono
1344 2311 1442 2380 velut
1454 2324 1590 2382 rectore
1601 2311 1743 2402 repulso
1760 2322 1795 2379 ει
1803 2314 2093 2389 excusso,rueret,

1100 2413 1189 2482 sicut
1206 2437 1224 2482 a
1240 2411 1403 2483 Samuele
1421 2413 1575 2501 graviter
1589 2424 1788 2491 accusatur,
1815 2407 1910 2502 quod
1932 2402 2093 2497 proiece-

520 2535 1034 2556 ··”“’“’·“·-·-·“-“”-··
1099 2515 1147 2584 rit
1161 2537 1360 2584 sermonem
1383 2513 1531 2586 domini.
1582 2511 1686 2582 Hanc
1702 2510 1913 2582 sententiam
1937 2503 2092 2574 arbitror

1099 2610 1193 2686 nihil
1208 2611 1338 2686 babere
1353 2615 1587 2701 incommodi,
1610 2637 1675 2683 nec
1698 2608 1855 2682 essehoc
1873 2601 2092 2678 invehendas

53 2681 250 2810 Q·
481 2755 487 2764 ·
879 2683 1050 2801 Q
1101 2719 1233 2788 alienas
1254 2717 1510 2809 disputationes
1530 2719 1575 2787 de
1595 2737 1698 2786 causa
1722 2713 1820 2786 mali.
1870 2709 1940 2782 Sed
1961 2703 2091 2778 talibus

185 2876 190 2886 .
303 2877 306 2884 ,
369 2889 378 2906 ,
767 2889 774 2906 ,
1100 2819 1385 2913 quaestionibus,
1410 2819 1442 2888 si
1463 2817 1624 2890 satisfieri
1644 2815 1717 2906 tibi
1734 2815 1850 2899 voles,
1881 2810 1952 2882 alio
1978 2822 2013 2879 te
2033 2829 2092 2878 re-

251 2881 454 2998 Cruozger
476 2882 539 2969 od
559 2884 858 2971 Mattheszum.
1098 2923 1247 2994 minam.

125 3051 145 3114 p
162 3047 200 3102 Ε.
212 3045 369 3122 apographo
389 3047 418 3102 in
430 3047 495 3104 eod.
508 3048 620 3104 Monac.
633 3048 678 3103 89.
696 3065 744 3102 no.
756 3047 799 3104 27.
813 3067 840 3122 p.
854 3045 923 3103 fisa,
1200 3021 1325 3092 Habeo
1342 3022 1381 3091 in
1398 3021 1473 3092 istis
1486 3020 1614 3092 vestris
1631 3016 1805 3091 cuniculis
1813 3036 1984 3086 venarum
1999 3033 2091 3104 pau-

390 3139 393 3144 '
667 3188 675 3209 ,
1099 3127 1198 3196 culos
1214 3126 1387 3219 quosdam
1403 3123 1559 3207 cuculos,
1571 3123 1702 3216 quibus
1718 3118 1854 3192 alendis
1869 3115 1990 3186 nescio
2002 3112 2090 3206 quid
2172 3195 2175 3200 Ι

341 3183 406 3259 Ad
428 3183 761 3265 Mmh‘mm·
1097 3252 1224 3321 operae
1240 3226 1394 3318 pretium
1409 3224 1547 3298 laciam.
1597 3222 1752 3294 Nomina
1771 3243 1872 3304 amo,
1895 3239 1991 3310 spem
2015 3238 2093 3286 non

55 3299 138 3395 Pro
162 3322 315 3416 postillis
325 3315 363 3417 *)
381 3322 446 3392 tibi
463 3322 598 3404 missis,
626 3324 708 3417 quia
726 3324 802 3402 iure
818 3316 887 3393 boc
907 3323 973 3395 tibi
985 3325 1047 3392 de·
1097 3353 1260 3422 magnam
1279 3322 1406 3402 babeo.
1456 3323 1532 3410 Tu,
1557 3325 1619 3418 qui
1634 3327 1700 3396 ista
1716 3321 1906 3396 domestice
1924 3332 2009 3390 nota
2024 3311 2089 3388 ba-

51 3429 227 3510 bebatur,
246 3447 320 3496 non
342 3439 417 3496 erat
431 3448 520 3516 opus
542 3437 575 3494 te
591 3425 720 3515 gratias
742 3449 863 3516 agere,
889 3449 1047 3518 praescr·
1098 3433 1176 3517 bes,
1201 3431 1344 3499 docebis
1367 3452 1440 3513 me,
1467 3451 1574 3520 quam
1593 3449 1706 3518 prope
1726 3449 1746 3494 a
1771 3422 1854 3515 polo
1876 3418 2005 3490 arctico
2027 3439 2089 3486 us-

50 3531 122 3602 tim
149 3549 228 3595 tum
251 3527 359 3597 Serius
383 3525 488 3596 ellam
515 3527 638 3596 missae
660 3528 732 3597 sini
752 3551 857 3620 quam
877 3527 1046 3618 oportuit·
1097 3557 1165 3626 que
1188 3534 1233 3602 ad
1255 3531 1378 3622 polum
1400 3528 1631 3602 antarcticum
1651 3527 1805 3619 perfossa
1830 3523 1876 3594 sit
1890 3543 1999 3604 vena,
2031 3517 2089 3588 cui

51 3629 129 3704 Sed
152 3621 243 3696 mihi
265 3641 358 3718 grata
383 3641 434 3698 est
455 3627 664 3718 significatio
680 3629 949 3698 benevolentiae
965 3652 1044 3720 erga
1095 3635 1178 3704 fecit
1194 3657 1325 3704 nomen
1341 3633 1458 3702 nescio
1473 3631 1552 3726 quis
1566 3626 1776 3718 Astrologus
1799 3639 1861 3697 aut
1874 3621 2087 3705 Palinurus;

53 3756 112 3804 me
135 3746 235 3815 tuae,
270 3745 303 3802 et
325 3729 385 3800 ιώ*
408 3742 442 3798 le
467 3741 567 3822 pelo,
591 3743 633 3800 ut
656 3731 721 3800 tibi
742 3733 966 3822 persuadeas,
988 3754 1045 3800 me
1096 3751 1222 3807 vocant
1245 3735 1339 3803 enim
1365 3731 1499 3806 Rosam
1524 3755 1684 3817 arrream,
1708 3753 1814 3824 quam
1839 3725 1968 3796 vellem
1987 3721 2089 3815 prius

52 3856 198 3928 quoque
220 3833 372 3903 retinere
393 3833 544 3901 eundem
565 3832 725 3901 animum
746 3855 825 3922 erga
846 3845 900 3918 te,
938 3857 1044 3926 quem
1095 3854 1294 3929 argenteam
1316 3835 1403 3910 fieri.
1454 3833 1508 3905 De
1532 3829 1589 3904 bis
1613 3833 1701 3930 quid
1725 3856 1782 3902 me
1804 3849 1944 3922 sperare
1965 3824 2089 3896 iubeas

53 3937 175 4006 iudico
191 3935 338 4024 dignum
355 3956 428 4002 esse
444 3955 562 4002 amore
579 3946 612 4004 et
626 3935 744 4003 studio
758 3935 956 4019 bonorum,
980 3958 1046 4004 nec
1095 3942 1185 4012 scire
1200 3941 1318 4013 velim.
1368 3937 1466 4008 Bene
1483 3937 1572 4007 vale.

54 4039 275 4109 voluntatem
300 4036 368 4106 tibi
390 4035 610 4124 gratificandi
627 4031 718 4104 mibi
740 4037 875 4119 deesse,
909 4036 1044 4105 etiarnsi
1664 4031 1840 4128 Caspams
1859 4027 2038 4118 Cmciger.
2128 4092 2133 4100 .

52 4141 209 4209 calamus
228 4151 264 4208 et
277 4140 489 4206 manus'non
504 4159 642 4227 semper
656 4148 707 4208 est
722 4137 806 4206 satis
826 4137 994 4210 officiosa.

154 4239 211 4310 De
231 4238 517 4333 quaestionibus,
543 4261 631 4331 quas
647 4239 818 4330 proponis
840 4263 915 4309 non
935 4235 1045 4309 hahes
1097 4281 1324 4292 -—-——

53 4366 145 4434 opus
164 4365 222 4412 me
236 4342 399 4426 doctore,
423 4355 457 4413 et
471 4341 558 4422 scis,
584 4364 640 4410 me
656 4340 696 4409 in
711 4335 778 4412 hoc
794 4363 921 4431 genere
935 4341 1044 4409 mini-

49 4469 110 4514 me
127 4442 308 4514 curiosum
323 4465 407 4528 esse,
433 4465 494 4512 sen
509 4455 551 4512 ut
565 4443 683 4512 verius
698 4441 830 4527 dicam,
851 4466 926 4512 non
942 4466 1046 4535 pror·
1092 4429 1288 4554 Q·
1431 4469 1436 4478 ·
1597 4513 1603 4522 ,
1918 4425 2084 4545 Q

51 4569 114 4616 sus
129 4548 263 4638 absque
276 4544 368 4613 vicio
391 4544 627 4634 negligentem
648 4567 733 4616 esse.
783 4542 838 4615 De
863 4539 1046 4643 colloquio
1757 4549 1766 4570 ¹

48 4644 135 4718 Dei
148 4671 231 4718 cnm
243 4645 409 4720 Samuele
422 4645 602 4732 existimo,
632 4660 674 4718 ut
694 4670 775 4717 cum
795 4647 874 4718 aliis
886 4648 1047 4739 patribus
1429 4625 1482 4713 V.
1518 4624 1756 4712 ΊῚιθοᾶονο.

42 4831 277 4850 ..-.....-
1167 4787 1253 4858 Epist.
1275 4785 1322 4841 lib.
1336 4785 1385 4844 lV.
1401 4805 1428 4858 p.
1453 4787 1504 4842 19⁰
1520 4805 1560 4860 sq.
1584 4816 1619 4830 ·-
1667 4783 1723 4840 llic
1740 4801 1771 4838 er
1792 4779 1959 4852 autographo
1977 4779 2005 4833 in
2026 4779 2089 4835 ood.

1201 4859 1311 4914 Monac.
1325 4855 1346 4910 l.
1358 4875 1386 4930 p.
1399 4857 1461 4912 ⁵87.

86 4957 134 5022 ts)
153 4957 192 5010 r'bi
207 4955 306 5011 abesta
320 4955 387 5010 Per.
1955 5008 1962 5026 Ι

86 5043 134 5106 ιι)
153 5041 219 5097 Pu.
237 5046 287 5098 tra.
368 5053 374 5058 ·
1097 5015 1152 5090 D.
1180 5013 1226 5093 V
1229 5015 1293 5089 ito
1318 5011 1583 5096 Theodoro,
1609 5009 1753 5085 docenti
1770 5005 1921 5105 Evang.
1947 5033 1986 5080 m
2009 5003 2089 5079 Ec·

83 5132 134 5198 15)
154 5131 265 5184 Annum
280 5145 337 5182 non
348 5129 430 5183 babet
444 5128 506 5184 Per.
1448 5114 1529 5188 cles·
1550 5109 1748 5208 Norlberg.

86 5209 724 5362 qrailllrll’ubdlfllddilpirmaiilil'll‘ii
738 5210 1049 5350 idiimiipllffliffl
1080 5231 1146 5322 =S.
1171 5252 1216 5323 D.
1265 5249 1345 5324 Etsi
1370 5250 1470 5322 nulla
1493 5263 1604 5320 aetate
1630 5246 1781 5318 maiores
1802 5245 1842 5316 in
1863 5239 2009 5338 Europa
2030 5257 2089 5314 tn-

122 5351 193 5406 latio
212 5349 353 5471 Cruciperi
377 5351 438 5404 data
459 5359 507 5402 ιιιι
525 5347 570 5402 die
589 5349 672 5404 nativ.
686 5349 785 5404 Christi
802 5349 875 5404 rste.
891 5350 909 5404 i.
923 5367 947 5404 e.
965 5345 1047 5432 tilb,
1100 5350 1235 5427 mulp'us
1253 5369 1287 5426 ep
1311 5353 1580 5447 periculosiores
1600 5351 1764 5434 fuerunt,
1783 5372 1889 5442 quam
1917 5342 1986 5418 hoc
2011 5345 2089 5438 ipso

121 5417 981 5562 attestarunt:representas*
994 5433 1048 5490 ι’·
1212 5457 1415 5544 mosam,
1439 5469 1558 5526 amen
1572 5453 1610 5522 a
1626 5465 1723 5523 aaa
1741 5447 1950 5522 oausam
1970 5471 2090 5560 mum
